2196 3548
957 228 1037 264 ΑΝ.
1068 236 1160 273 1540
1835 249 1884 285 49

220 326 415 388 cinque,
439 329 629 374 insieme
648 343 737 374 con
763 328 796 372 il
826 329 1004 373 fratello
1031 335 1189 372 nostro
1217 331 1354 374 Mtro.
1386 331 1422 374 F
1425 346 1647 388 rancrsco
1678 335 1708 378 il
1735 340 1884 393 qualle

221 406 299 452 iui
317 413 533 467 spargete
552 406 628 450 del
642 419 729 450 suo
743 419 869 451 seme
884 419 973 450 con
987 404 1020 448 il
1037 405 1137 448 sarli
1155 412 1224 450 tre
1239 407 1437 450 sermoni
1453 410 1573 453 nello
1590 411 1752 467 giorno
1768 415 1886 459 della

223 479 488 539 dumetum,
512 482 759 542 gratissimi
779 498 807 527 a
827 482 980 540 quello
1005 482 1190 539 popu10,
1214 482 1247 526 il
1268 470 1419 539 qualle
1440 500 1533 529 non
1563 491 1743 544 puocho
1765 497 1885 534 resto

227 567 511 620 conpuncto.
550 560 668 605 Dico
704 561 777 604 ch'
809 559 941 618 quasi
972 565 1093 603 tutto
1123 558 1155 602 il
1187 566 1339 617 tempo
1370 563 1442 605 ch'
1474 570 1667 608 stauano
1699 567 1756 610 ad
1787 569 1887 612 vdir

225 634 372 686 Etru.
394 639 668 692 Francesco‚
691 652 786 682 non
806 651 857 682 se
872 643 1069 695 poteano
1085 643 1305 681 contenet
1319 638 1438 683 dalle
1454 640 1686 695 lachrime,
1707 658 1887 702 auenga

229 717 307 762 ch'
334 723 406 761 tra
440 715 580 773 quelli
615 717 710 774 ghe
745 729 806 760 ne
842 715 1030 759 fusseno
1064 713 1111 758 di
1148 713 1242 768 tali,
1277 713 1293 757 i
1329 716 1468 771 quani
1497 719 1679 773 quando
1707 721 1886 765 haueua

226 795 291 840 da
309 793 562 853 predicare,
586 807 680 838 non
700 793 952 837 solamente
974 791 1098 850 [non]
1121 805 1172 836 se
1187 798 1526 837 contentauano
1543 809 1630 838 con
1647 796 1677 838 il
1694 812 1785 841 non
1803 814 1887 843 uo-

229 872 298 916 ler
318 870 423 916 udir
441 871 555 924 loro,
578 885 654 915 ma
673 869 739 929 gli
760 869 990 914 scriuiano
1011 868 1118 913 tutti
1140 868 1206 926 gli
1222 869 1510 927 predicatori,
1532 872 1754 917 facendoli
1772 875 1887 920 uila—

226 948 331 1005 §1503
353 963 448 994 non
467 945 651 992 dimeno
671 947 720 991 in
741 947 894 1004 quello
915 945 1081 1004 giorno
1102 961 1196 990 non
1216 961 1355 990 erano
1377 948 1532 1004 quelli,
1564 950 1666 994 anci
1694 953 1832 996 mossi
1860 969 1887 998 3

224 1025 586 1085 οοωριωοῐίοῃθ
606 1039 633 1070 8
651 1024 796 1083 planti
816 1024 1138 1082 pia[ngevano]
1169 1024 1184 1067 i
1210 1024 1387 1082 peccati
1409 1025 1527 1080 suoi,
1552 1042 1632 1084 per
1654 1037 1826 1084 quanto
1847 1031 1886 1075 si

227 1098 695 1162 ffldde.1mperhoch'
722 1101 891 1161 puochi
927 1101 1077 1160 giomi
1107 1100 1259 1149 inanzi
1285 1116 1367 1160 per
1392 1103 1489 1148 loro
1517 1119 1657 1148 causa
1685 1107 1733 1150 fu
1760 1122 1887 1152 ama-

233 1187 338 1228 23ῒο
364 1195 479 1236 un0;
510 1187 558 1225 et
586 1179 619 1224 il
645 1179 724 1238 piu
753 1180 858 1224 chel
884 1179 1054 1237 populo
1074 1179 1312 1233 dubitaua,
1343 1181 1507 1224 stando
1534 1182 1623 1225 essi
1650 1182 1697 1226 in
1724 1179 1886 1240 questo

232 1260 472 1313 ranchore,
491 1260 562 1303 ch'
580 1273 674 1302 non
690 1272 749 1302 ne
762 1257 974 1315 segnisse
994 1257 1039 1301 la
1059 1263 1206 1302 morte
1226 1257 1284 1301 de
1306 1257 1385 1315 piu
1403 1257 1450 1301 di
1466 1266 1645 1315 quatro,
1666 1275 1747 1317 per
1763 1276 1888 1307 esser

230 1337 279 1383 la
297 1335 397 1383 rixa
417 1336 487 1381 fra
505 1335 538 1380 li
566 1334 804 1394 principali
829 1334 894 1378 dil
920 1334 1038 1379 ditto
1065 1334 1269 1379 castello.
1302 1335 1474 1379 Pentiti
1501 1337 1713 1382 aduncha
1744 1353 1824 1395 per
1855 1340 1886 1383 il

231 1413 387 1482 megio
405 1399 467 1458 de
486 1415 551 1459 M.
580 1415 618 1458 F
618 1426 853 1466 rancesco,
877 1411 918 1456 si
943 1411 1262 1456 riconciliorno
1282 1411 1472 1457 insieme
1493 1428 1577 1457 con
1601 1415 1832 1471 lachrime‚
1860 1432 1886 1461 e

225 1487 316 1551 per
333 1497 498 1550 questo
518 1488 558 1536 si
578 1504 775 1549 posseua
795 1490 938 1534 ueder
958 1488 1080 1534 uscir
1096 1489 1142 1533 di
1159 1503 1314 1543 cuore,
1335 1504 1538 1535 uenerno
1555 1507 1583 1535 a
1604 1506 1710 1536 casa
1730 1501 1887 1539 nostra

229 1584 260 1615 a
281 1570 350 1615 far
369 1575 532 1627 queste
551 1566 940 1613 recunciliatione.
964 1566 1024 1612 Di
1046 1565 1154 1624 puoi
1177 1566 1300 1620 tutti,
1326 1567 1466 1624 qualli
1483 1582 1621 1613 erano
1644 1570 1753 1614 forsi
1768 1571 1886 1615 duo-

82 1635 134 1710 ἐξ,
193 1693 198 1699 1
229 1646 350 1702 ded,
379 1645 564 1692 uscirno
593 1645 642 1690 di
671 1645 945 1704 compagnia
976 1659 1064 1689 con
1095 1659 1209 1702 pace
1245 1660 1272 1689 e
1307 1645 1550 1703 allegreza.
1586 1648 1655 1690 Fu
1688 1650 1887 1693 anchora

230 1730 395 1771 sonata
412 1724 459 1770 la
477 1738 699 1782 campana
718 1723 794 1767 del
812 1722 1020 1776 consilio,
1045 1728 1091 1766 et
1111 1721 1159 1766 in
1179 1721 1296 1767 ditto
1317 1723 1508 1767 consilio
1530 1724 1775 1769 ordinorno
1802 1728 1887 1770 che

231 1816 285 1848 se
303 1801 602 1861 ringratiasse
623 1803 759 1847 Mtro.
785 1799 1058 1853 Franeesoe,
1083 1813 1109 1844 e
1137 1799 1233 1844 cosi
1265 1801 1425 1844 feceno
1455 1802 1665 1845 uenendo
1694 1803 1888 1847 Cunsuli

230 1886 280 1926 et
298 1878 402 1927 altri
421 1879 541 1924 della
560 1885 682 1924 terra
701 1877 850 1937 primi:
875 1879 925 1923 fu
945 1893 1028 1936 per
1045 1877 1135 1922 essi
1155 1877 1426 1936 ringratiato
1448 1893 1474 1922 e
1491 1879 1651 1923 feceno
1667 1879 1731 1936 gli
1748 1881 1888 1924 offer—

233 1960 282 2003 te
300 1954 334 2017 ⁸,
353 1958 404 2005 Io
423 1957 513 2003 alla
531 1971 635 2003 sera
659 1956 749 2003 feci
776 1971 870 2001 uno
891 1955 1079 2001 conuito
1106 1955 1165 2000 de
1192 1956 1335 2000 multe
1355 1970 1565 2014 persone,
1597 1956 1692 2001 cosi
1719 1958 1889 2015 gentil-

230 2019 385 2080 omeni
404 2048 536 2080 come
555 2034 614 2079 de
634 2034 751 2079 altra
771 2041 910 2088 sorte,
936 2048 1018 2092 per
1044 2047 1170 2078 esser
1191 2033 1343 2090 quella
1363 2034 1408 2077 13
1429 2033 1589 2078 ultima
1611 2049 1725 2079 cena
1751 2037 1822 2079 ch'
1845 2035 1889 2079 io

230 2125 312 2159 era
329 2127 414 2172 per
429 2112 498 2158 far
518 2127 607 2158 eon
627 2113 741 2177 loro,
760 2126 849 2156 oon
865 2111 931 2170 gli
947 2111 1088 2168 quali,
1112 2110 1242 2156 finita
1257 2125 1378 2165 essa,
1398 2111 1464 2169 gli
1483 2112 1582 2156 fece
1599 2127 1691 2156 uno
1708 2115 1890 2170 puocho

225 2189 641 2241 &exhortatione
667 2191 823 2234 Parue
841 2191 927 2234 che
947 2189 993 2234 13
1012 2189 1193 2234 hebeno
1214 2195 1363 2247 grata.
1389 2188 1467 2234 Gli
1489 2203 1567 2234 era
1589 2197 1658 2234 tra
1678 2191 1775 2235 loro
1797 2205 1890 2236 uno

114 2257 165 2326 {3³5}-
230 2271 390 2315 'n'nsstro
408 2271 615 2326 paremve,
636 2267 804 2312 ucchio
824 2266 872 2310 di
893 2271 987 2320 eta,
1010 2266 1043 2310 il
1062 2266 1216 2323 qualle
1230 2267 1414 2310 haueua
1429 2275 1687 2325 conceputo
1704 2282 1796 2312 una
1812 2283 1891 2312 ca-

124 2347 162 2409 χ’
233 2344 331 2391 tina
349 2345 544 2390 uolunta
561 2345 620 2390 de
640 2345 876 2390 offendere
896 2344 984 2388 alle
1003 2358 1214 2402 persone,
1239 2339 1275 2388 e¹
1287 2342 1367 2402 gia
1387 2351 1507 2388 tutto
1529 2360 1605 2389 era
1631 2345 1891 2402 pareehi'ato

125 2415 163 2459 'fi
233 2436 318 2483 per
335 2421 528 2482 exeguir
546 2423 592 2467 13
610 2422 726 2468 ditta
741 2422 861 2466 mala
876 2408 1097 2476 uolunta,
1107 2437 1182 2466 rna
1196 2435 1278 2480 per
1294 2428 1458 2478 questo
1474 2422 1535 2465 mi
1552 2422 1689 2476 disse,
1710 2423 1892 2479 quando

124 2487 155 2545 ,3
230 2499 563 2559 mulazapnrtir
580 2496 753 2554 deme,
773 2507 823 2544 et
842 2498 1182 2544 abraciandomi
1202 2498 1342 2554 disse,
1373 2501 1460 2545 che
1487 2514 1567 2557 per
1594 2501 1739 2544 hauer
1765 2499 1893 2543 udito

234 2577 387 2636 quelle
405 2577 562 2636 parole
580 2577 686 2623 chio
706 2577 829 2622 disse
848 2576 895 2621 di
916 2575 1025 2635 'puoi
1045 2577 1090 2621 13
1106 2591 1236 2630 cena,
1256 2578 1327 2621 ch'
1346 2591 1423 2621 era
1441 2585 1561 2622 tutto
1577 2584 1773 2632 mutato,
1791 2577 1893 2622 anci

231 2652 484 2703 dfflberato
503 2656 563 2700 de
581 2670 675 2702 non
697 2656 767 2700 sar
785 2655 850 2700 tal
870 2670 995 2710 cosa,
1017 2661 1065 2700 et
1083 2653 1129 2700 io
1145 2654 1194 2700 in
1206 2655 1273 2700 tal
1286 2669 1373 2700 sua
1387 2662 1520 2700 santa
1535 2656 1729 2700 uolunta
1748 2669 1774 2699 e
1790 2670 1893 2699 mu-

183 2754 185 2757 ’
228 2731 409 2778 &tione
428 2733 476 2779 lo
492 2732 748 2778 confirmai.

275 2811 396 2857 98
408 2811 553 2857 Mino
578 2812 835 2856 Framesoo
856 2812 915 2856 V.
942 2811 999 2856 R
1022 2825 1116 2855 non
1136 2809 1176 2854 si
1194 2773 1521 2868 marauigliara
1540 2823 1590 2855 se
1610 2824 1702 2854 non
1725 2808 1889 2862 scrine,

252 2996 331 3036 5³*
359 2993 477 3035 ·A⁸'l⁸
499 3007 528 3033 a
554 2993 766 3035 Fanni-co
792 2996 844 3033 de
872 2995 1059 3039 Estrada,
1088 2999 1185 3033 tunc
1216 2985 1400 3033 nondum
1420 2995 1646 3038 sacerdote,
1670 2999 1800 3030 narrat
1823 3004 1893 3041 pro

126 3055 128 3059 ’
236 3063 348 3094 more
361 3064 437 3092 tuo
453 3055 503 3093 ad
518 3057 624 3094 hunc
639 3068 787 3094 annum
805 3056 1051 3099 POLANCU&
1073 3055 1316 3102 chronicon,
1337 3060 1366 3092 t.
1386 3065 1412 3098 1,
1433 3067 1522 3103 pag.
1543 3055 1603 3100 84,
1622 3067 1662 3090 n.
1686 3054 1741 3090 16.

381 3124 579 3159 Bru-‘rma
596 3127 745 3166 mnu,
765 3136 843 3160 ron.
862 3136 887 3160 r.
1625 3129 1642 3154 ⁴
