2196 3548
898 259 977 295 ΑΝ.
1008 266 1095 304 1541
1153 283 1158 287 -
1774 271 1825 310 39

967 501 1037 542 15

520 666 523 667 γ
610 603 1019 643 HIERONYMUS
1049 602 1390 642 DOMENECH

484 707 698 752 PATRI
742 707 1043 752 IGNATIO
1091 706 1181 750 DE
1226 706 1520 750 LOYOLA

649 826 654 830 ”
695 827 872 856 PARISIIS
900 828 940 856 11
969 821 1132 856 APRms
1161 826 1249 865 1541
1281 820 1307 855 ¹.

52 949 71 959 .,
171 920 237 959 De
251 919 427 958 adventu
444 921 646 958 Francisci
663 926 704 958 et
722 922 887 959 Antonii
904 921 954 958 de
972 921 1151 958 Estrada.
1155 919 1411 958 -Defructu
1425 920 1716 958 exercitiorum.
1720 922 1832 957 —De

79 982 87 999 Δ

245 968 380 1006 sociis
369 969 492 1053 ἷξε
522 981 594 1018 spe
630 969 836 1007 obtinendi
865 969 1087 1006 subsidium
1118 970 1286 1017 (bursas
1314 972 1480 1015 vocant)
1509 969 1559 1005 ad
1588 969 1718 1005 studia
1746 981 1834 1018 pro-

246 1027 397 1066 sequen

987 1115 1018 1164 †

86 1195 119 1258 ἶ
220 1235 221 1238 =
255 1208 333 1255 ,La
351 1208 502 1267 gratia
520 1223 552 1266 y
571 1223 656 1267 paz
677 1210 735 1254 de
755 1216 946 1254 nuestro
968 1211 1116 1256 Sefior
1125 1211 1239 1269 Jesu
1261 1209 1447 1254 Christo
1466 1224 1545 1254 sea
1566 1223 1625 1253 en
1645 1216 1837 1253 nuestro

79 1286 119 1343 ’ἒ
176 1284 310 1334 fiuor
327 1301 360 1344 y
379 1286 537 1334 aiuda.
557 1288 725 1333 Amen.

195 1385 211 1406 .·
263 1365 421 1411 ,Pocos
440 1363 538 1410 dias
558 1365 620 1409 ha
639 1379 731 1422 que
751 1365 987 1424 anegaron
1009 1368 1116 1422 aqui
1137 1379 1250 1422 muy
1270 1365 1449 1409 buenos
1469 1365 1539 1409 los
1554 1365 1638 1409 dos
1660 1366 1837 1409 charis-

63 1434 105 1503 ‘⁵³'
173 1442 317 1489 simos
334 1442 386 1488 in
405 1441 590 1488 Christo
621 1443 882 1488 Hei-manos
907 1433 1155 1488 Francisco
1176 1449 1224 1487 et
1251 1442 1457 1488 Antonio
1483 1443 1542 1486 de
1570 1443 1751 1496 strada,
1776 1443 1837 1485 de

102 1526 106 1556 ·’
158 1521 223 1569 18
237 1519 406 1566 venida
429 1520 489 1565 de
515 1520 586 1565 los
616 1520 774 1578 quales
801 1535 887 1566 nos
913 1535 1067 1566 somos
1094 1535 1154 1565 en
1178 1521 1342 1565 verdat
1370 1527 1499 1564 tanto
1526 1535 1585 1564 en
1616 1521 1660 1564 el
1686 1521 1839 1566 Sefior

172 1597 489 1652 ammulados,
511 1612 603 1655 que
623 1613 684 1643 no
699 1598 860 1656 podria
879 1598 1044 1644 seriuir
1059 1597 1107 1643 ni
1123 1598 1340 1656 explicat.
1358 1599 1570 1656 Despues
1597 1599 1655 1641 de
1676 1612 1731 1642 su
1751 1611 1838 1641 ve—

173 1675 284 1730 nida
301 1689 489 1721 anemos
509 1675 723 1720 recebido
743 1691 859 1720 vnas
880 1677 1020 1721 letras
1043 1683 1252 1720 vuestras
1268 1677 1326 1720 de
1343 1677 1453 1720 XVI
1474 1676 1532 1719 de
1556 1677 1727 1732 Marco,
1747 1689 1835 1719 con

65 1751 70 1767 ³
94 1744 121 1787 3³2
172 1753 247 1801 las
267 1753 427 1812 quales
451 1767 514 1798 no
539 1756 700 1808 menos
725 1768 787 1798 en
818 1754 862 1798 el
889 1755 1039 1800 Sefior
1065 1768 1151 1798 nos
1177 1768 1330 1798 somos
1361 1738 1584 1811 gualdos,
1616 1767 1698 1810 por
1726 1766 1842 1797 auer

173 1830 424 1878 mtendido
438 1825 650 1893 (despue's
664 1831 740 1876 del
753 1832 879 1876 buen
891 1826 1020 1876 'esser
1034 1832 1093 1876 de
1115 1831 1247 1876 todos
1263 1831 1376 1876 ellos
1391 1846 1422 1889 y
1439 1831 1589 1875 fructo
1606 1845 1697 1888 que
1713 1845 1772 1888 ay
1787 1844 1842 1874 se

161 1908 304 1967 haze)
320 1913 401 1958 tan
419 1907 596 1953 buenas
615 1923 793 1954 nueuas
808 1909 867 1953 de
887 1909 957 1954 los
976 1915 1102 1954 otros
1134 1910 1410 1962 Hermanos,
1438 1923 1528 1966 que
1549 1923 1609 1953 en
1629 1907 1840 1952 diuersas

174 1992 331 2046 partes
344 1989 477 2031 oetan
495 1985 752 2044 spargidOS,
786 1987 846 2031 de
865 1987 911 2031 10
932 2000 1023 2044 que
1050 2000 1162 2031 sean
1181 1988 1321 2031 echas
1351 1986 1554 2031 infinitas
1585 1985 1759 2044 gratias
1779 1986 1838 2029 ad

99 2051 139 2126 'J
174 2063 329 2123 aquel,
366 2063 443 2109 cui
476 2063 626 2108 omnis
655 2065 804 2108 honor
830 2071 878 2109 et
904 2063 1053 2122 gloria
1078 2065 1291 2111 debetur.
1313 2065 1440 2121 Aqui
1473 2065 1605 2108 todos
1625 2070 1845 2108 nuestros

177 2139 437 2188 Hermanos
456 2155 540 2200 por
560 2140 718 2200 gracia
732 2141 791 2186 de
812 2148 1003 2187 nuestro
1025 2143 1175 2188 Sefior
1195 2149 1301 2187 stan
1321 2157 1433 2200 muy
1453 2142 1630 2186 buenos
1647 2141 1696 2185 in
1710 2148 1842 2186 vtro-

172 2231 270 2278 que
292 2217 494 2273 homine,
527 2218 797 2280 trebaiando
823 2219 1022 2278 siempre
1049 2226 1223 2277 quanto
1250 2220 1435 2278 pueden
1456 2234 1515 2264 en
1536 2234 1616 2264 sus
1642 2218 1838 2263 studios.

134 2296 228 2343 Y—
245 2307 423 2356 porque
450 2311 536 2355 por
559 2297 699 2342 letras
726 2297 785 2342 de
813 2299 877 2343 M.
902 2299 940 2342 F
942 2312 1150 2343 ranmsco
1170 2313 1284 2356 muy
1303 2297 1686 2356 complidamente
1705 2300 1840 2341 seran

132 2373 393 2451 {wisadus
411 2374 475 2421 de
492 2381 683 2420 nuestro
704 2375 874 2431 studio,
909 2391 971 2421 no
1001 2377 1257 2435 malargare
1278 2380 1376 2421 mas
1397 2391 1481 2435 por
1502 2377 1643 2420 ahora
1663 2389 1722 2419 en
1743 2381 1844 2419 esta

112 2459 153 2498 ζ·
178 2452 334 2513 ΜΘ.
382 2499 384 2501 ,

110 2525 163 2580 ’ζ’
202 2548 205 2549 ’
269 2531 366 2576 Ροι·
383 2537 508 2576 otras
529 2532 674 2576 abran
693 2546 753 2589 ya
774 2531 1024 2576 entendido
1049 2532 1109 2576 de
1129 2547 1192 2576 vn
1213 2531 1416 2586 italiano,
1441 2532 1621 2576 lamado
1643 2532 1707 2575 M.
1734 2530 1846 2575 Pie-

90 2598 163 2675 *gs
163 2612 252 2670 Μ
270 2607 454 2663 Ciurlo,
493 2623 578 2667 por
614 2615 828 2654 nosotros
864 2608 1143 2664 exercitado,
1183 2610 1228 2654 el
1265 2610 1373 2667 qual
1400 2610 1511 2654 abra
1537 2612 1635 2653 mas
1662 2609 1721 2652 de
1750 2614 1846 2651 tres

114 2689 164 2740 ’ζ’
160 2698 438 2754 mmanas
464 2701 556 2744 que
581 2701 632 2732 se
660 2687 810 2745 partib
837 2687 976 2744 daqui
998 2702 1109 2746 para
1135 2688 1264 2742 ellos,
1294 2702 1378 2746 por
1405 2700 1550 2746 pone-r
1577 2701 1636 2731 en
1663 2687 1775 2734 obra
1799 2686 1845 2729 10

147 2771 272 2823 Ψιε
291 2767 399 2822 aqui
419 2763 525 2810 auia
551 2764 892 2820 determinatio,
917 2779 968 2810 es
995 2766 1057 2810 ha
1082 2766 1234 2823 saber,
1259 2766 1422 2810 boluer
1442 2779 1502 2810 en
1528 2779 1584 2809 su
1611 2763 1840 2822 Religion,

114 2815 142 2855 ·{
133 2839 241 2888 de
258 2841 305 2887 la
319 2842 432 2900 qual
450 2857 511 2900 ya
530 2843 700 2888 mucho
723 2842 894 2901 tiempo
915 2842 1022 2888 auia
1042 2844 1329 2901 apostatado.
1354 2845 1566 2901 Despues
1588 2843 1647 2886 de
1667 2856 1723 2886 su
1739 2856 1849 2899 par-

150 2912 281 2965 ffla
314 2932 504 2966 anemos
533 2920 749 2966 recebido
775 2921 861 2966 dos
887 2921 1028 2966 letras
1055 2936 1228 2980 suyas,
1242 2935 1302 2966 en
1328 2921 1396 2966 las
1423 2921 1582 2979 quales
1619 2926 1850 2964 amuestra

264 3087 278 3111 ¹
326 3086 388 3124 Ex
403 3089 647 3137 autographo
665 3089 707 3126 in
723 3089 803 3126 vol.
824 3089 874 3134 A,
893 3089 1042 3138 duplici
1059 3089 1168 3133 folio,
1187 3101 1227 3126 n,
1247 3098 1308 3136 51,
1327 3089 1434 3138 prius
1451 3088 1514 3135 46.
