2196 3548
932 291 1012 328 AN.
1043 301 1134 338 1547
1784 296 1857 342 403

201 392 297 439 bus
330 392 387 438 iis
412 393 593 446 offeras,
624 392 888 450 praesertim
916 393 1083 438 dilecto
1112 395 1237 439 Patri
1265 403 1442 451 nostro,
1468 397 1542 441 cui
1574 397 1633 441 ob
1660 413 1857 443 amorem

205 469 298 516 Dei
318 485 420 516 meo
440 469 624 515 nomine
644 469 787 524 dicas,
815 484 906 526 que
934 470 1091 526 queira
1118 472 1222 528 polo
1244 487 1371 516 arnor
1397 473 1455 517 de
1482 475 1605 518 Deos
1634 481 1701 518 ter
1729 489 1859 532 espe-

202 547 302 594 cial'
333 547 550 593 memoria
576 562 602 592 e
629 546 826 592 euidado
860 547 918 592 de
945 547 1070 602 mim,
1106 563 1278 606 porque
1306 555 1386 594 sao
1415 557 1566 595 tantos
1593 566 1618 595 e
1650 552 1863 597 continus

210 631 332 671 αἰῶ
365 624 584 684 negocios
621 631 873 682 temporaes
909 639 936 669 e
966 624 1228 680 exteriores,
1268 641 1358 683 que
1385 628 1442 671 de
1469 627 1577 671 mim
1611 643 1684 673 me
1720 629 1862 673 fazem

202 717 428 760 esquecer
463 687 630 748 muitas
655 717 811 748 vezes:
851 709 1007 748 outras
1033 718 1107 747 me
1135 704 1278 748 fazem
1316 705 1549 749 descobrir
1575 721 1601 750 e
1628 708 1766 750 achar
1791 721 1862 751 em

201 779 318 825 mim
339 795 368 825 o
387 795 478 838 que
498 785 587 826 nao
607 780 766 837 queria
786 795 882 835 ver,
908 795 934 826 e
955 787 1112 825 outras
1133 796 1267 826 vezes
1289 796 1362 826 me
1384 783 1529 827 facem
1551 797 1624 827 ser
1652 790 1784 828 outro
1805 785 1866 828 do

201 872 299 917 que
319 873 402 917 sey
421 873 512 916 que
531 873 646 903 noso
668 859 847 904 Senhor
867 873 995 915 quer,
1021 873 1112 916 que
1132 860 1190 903 he
1211 874 1240 903 o
1262 874 1352 916 que
1373 859 1517 916 major
1537 875 1653 918 pena
1682 876 1754 906 me
1784 862 1859 907 da:

202 950 235 981 e
253 950 338 994 por
357 943 486 981 tanto
506 937 701 981 multum
720 935 907 994 indigeo
929 943 981 980 ut
1002 935 1181 995 aliquis,
1206 936 1426 981 charitate
1446 937 1685 996 impulsus,
1705 953 1859 984 curam

201 1013 298 1059 mei
318 1015 500 1060 habeat.

299 1091 447 1138 Padre
466 1091 749 1146 charissimo,
774 1092 878 1137 bem
905 1106 986 1150 sey
1007 1107 1097 1149 que
1117 1093 1175 1137 he
1205 1098 1331 1137 tanta
1352 1107 1437 1137 sua
1463 1092 1674 1137 solisitud
1702 1094 1749 1138 in
1777 1111 1858 1140 ne-

200 1169 432 1225 cessariis,
472 1184 576 1227 que,
617 1170 801 1227 quando
827 1176 925 1215 esta
951 1172 1137 1228 chegar,
1179 1177 1276 1215 tera
1296 1171 1347 1228 ja
1380 1170 1627 1228 despedido
1663 1173 1862 1217 remedio

207 1261 317 1307 pera
342 1262 394 1293 as
417 1250 749 1293 escomunhoes
785 1249 846 1293 do
872 1247 1088 1294 mosteiro
1119 1248 1176 1292 de
1203 1249 1295 1294 Sao
1317 1250 1448 1308 Joao,
1479 1264 1529 1293 as
1558 1264 1697 1305 quaes
1734 1255 1861 1295 estao

199 1324 344 1371 «ainda
363 1340 447 1384 asy
466 1326 718 1384 esperando
738 1341 789 1370 as
809 1325 1141 1370 misericordias
1161 1326 1220 1371 de
1239 1320 1326 1371 133.
1353 1327 1414 1372 Se
1436 1341 1516 1384 per
1537 1334 1669 1371 outra
1688 1327 1763 1372 via
1784 1329 1860 1372 lho

206 1407 298 1448 nao
323 1409 415 1448 tem
451 1403 664 1462 escripto‚
689 1405 832 1462 sayba
857 1418 947 1461 que
973 1418 1111 1448 nosos
1133 1404 1356 1462 peccados
1388 1404 1553 1449 deuiao
1580 1406 1638 1449 de
1668 1405 1860 1463 impedir

199 1495 298 1540 que
316 1486 407 1527 nao
426 1481 552 1527 viese
572 1496 600 1526 a
619 1482 743 1527 lume
762 1484 827 1526 hfi
847 1481 1068 1539 rescripto
1089 1483 1176 1527 che
1197 1482 1255 1527 de
1280 1482 1325 1526 13
1345 1482 1547 1527 mandou
1575 1497 1603 1527 o
1630 1484 1731 1529 S.0r
1753 1485 1861 1528 Bal-

199 1567 327 1606 tesar
353 1555 412 1605 de
442 1559 590 1614 Faria,
623 1574 713 1617 que
739 1574 831 1618 qua
857 1561 916 1604 he
943 1575 971 1604 a
996 1559 1166 1605 muitos
1197 1560 1312 1614 dias,
1343 1574 1518 1617 porque
1549 1576 1685 1605 avera
1711 1577 1860 1619 pouco

196 1637 398 1683 “maisde
417 1638 482 1682 hfi
503 1651 600 1682 mes
620 1652 711 1695 que
733 1638 859 1682 forao
879 1637 963 1681 dar
983 1651 1071 1682 con
1091 1637 1193 1692 elle,
1226 1652 1315 1694 que
1336 1652 1364 1682 o
1387 1636 1515 1682 tinha
1543 1652 1571 1682 o
1597 1639 1857 1694 secretario,

196 1730 232 1762 e
251 1717 447 1760 acharan
468 1729 559 1772 que
580 1715 682 1759 avia
702 1716 792 1760 XV
813 1714 912 1759 dias
934 1730 1024 1772 que
1050 1719 1158 1759 erao
1179 1715 1373 1772 pasados
1399 1730 1452 1760 os
1479 1715 1569 1761 seis
1596 1731 1742 1778 meses
1769 1732 1859 1774 que

198 1792 347 1839 trazia
365 1794 424 1838 de
450 1799 595 1838 termo
622 1807 731 1851 pera
756 1807 807 1837 se
832 1799 1110 1850 apresentar,
1141 1793 1201 1838 de
1227 1792 1429 1838 maneira
1456 1808 1547 1851 que
1574 1794 1761 1840 ficamos
1789 1811 1859 1840 em

199 1871 392 1925 branco,
422 1885 450 1915 e
479 1885 586 1914 nam
617 1869 853 1928 aproueita
878 1885 907 1914 0
933 1869 1168 1928 rescripto.
1212 1871 1249 1914 E
1277 1885 1359 1928 por
1387 1877 1516 1916 tanto
1542 1874 1600 1917 he
1628 1874 1862 1918 necesario

199 1947 352 2009 soprir
372 1949 430 1994 V.
452 1950 508 1994 R.
533 1962 622 1993 con
642 1948 833 1992 mandat
848 1947 1048 1992 remedio
1069 1948 1129 1992 de
1150 1955 1284 1993 outro
1305 1949 1541 2007 rescripto.

298 2026 347 2072 Ο
365 2027 545 2075 Senhor
572 2025 777 2071 Antonio
804 2024 1032 2071 Monteiro
1058 2041 1085 2070 a
1111 2026 1169 2070 de
1200 2041 1408 2083 comeear
1435 2038 1577 2085 agora
1604 2029 1662 2072 de
1690 2029 1812 2074 fazer
1832 2045 1860 2074 o

203 2104 364 2149 tombo
382 2104 444 2149 de
462 2105 553 2151 Sao
574 2105 612 2148 F
613 2103 700 2148 ins:
737 2104 808 2147 faz
834 2104 907 2148 133
934 2103 1080 2148 muito
1106 2118 1185 2161 per
1216 2119 1316 2160 nos;
1347 2105 1418 2150 fez
1450 2106 1645 2162 prender
1671 2121 1744 2152 em
1776 2122 1859 2152 sua

201 2196 314 2228 casa
343 2182 401 2227 de
420 2182 466 2227 13
485 2196 658 2227 mesma
679 2197 706 2226 a
726 2183 860 2226 Dona
881 2181 1095 2227 Caterina
1115 2182 1173 2226 de
1194 2184 1406 2240 Monoao,
1431 2198 1604 2240 porque
1634 2185 1861 2230 fauorecia

201 2275 264 2305 ao
289 2259 419 2318 priol.
462 2261 622 2318 Agora
658 2260 877 2305 confirma
903 2260 963 2304 ell
999 2261 1098 2317 Rey
1127 2275 1181 2304 os
1218 2260 1492 2319 previlegios
1519 2262 1577 2306 de
1612 2263 1703 2308 Sao
1730 2264 1767 2308 F
1769 2262 1857 2309 ins.

200 2336 336 2385 Seria
355 2338 446 2383 boo
465 2339 634 2382 buscar
654 2338 727 2382 133
747 2338 903 2395 algum
920 2337 1135 2392 remedio,
1155 2353 1206 2383 se
1221 2353 1249 2382 ο
1266 2353 1423 2393 ouver,
1448 2354 1556 2396 pera
1576 2355 1603 2384 3
1624 2340 1783 2397 quinta
1803 2342 1861 2386 de

205 2415 423 2471 Frioetas,
443 2430 631 2474 *porque
657 2421 746 2460 nao
773 2415 992 2472 podemos
1019 2430 1110 2472 qua
1142 2423 1289 2461 trazer
1315 2417 1465 2461 citada
1491 2433 1517 2461 a
1544 2419 1645 2462 Ines
1674 2419 1857 2474 Velosa,

202 2507 291 2552 por
311 2500 380 2539 ter
400 2493 654 2552 preuilegio
674 2495 733 2539 de
754 2493 909 2538 viuua.
938 2496 1120 2551 Porque
1141 2495 1259 2552 pode
1286 2496 1493 2540 escolher
1514 2497 1571 2540 de
1599 2503 1691 2541 tres
1711 2497 1729 2553 j
1736 2496 1862 2542 uizes

201 2573 289 2626 hfl,
308 2573 521 2618 escolheo
541 2587 569 2617 o
591 2573 650 2617 de
671 2571 823 2626 Coira,
848 2586 936 2617 con
957 2587 985 2616 0
1013 2573 1120 2629 qual
1142 2579 1288 2617 ternos
1318 2588 1422 2618 mao
1450 2573 1665 2628 remedio,
1701 2589 1760 2619 ne
1782 2590 1861 2632 per

144 2658 149 2661 ’
201 2650 268 2695 eu
294 2651 394 2708 Rey
419 2664 447 2695 o
474 2651 692 2708 podemos
719 2657 804 2705 ter,
844 2664 1018 2708 porque
1045 2655 1134 2695 nao
1161 2665 1274 2707 quer
1310 2642 1443 2708 pasar
1471 2652 1645 2696 Aluara
1679 2666 1764 2709 por
1790 2668 1862 2697 ser

206 2726 365 2773 viuua.

298 2805 596 2860 Lembrenos,
624 2807 788 2860 Padre,
813 2814 986 2864 quanta
1006 2805 1279 2851 necesidade
1302 2813 1446 2851 ternos
1473 2807 1532 2851 de
1553 2808 1645 2851 hfla
1672 2822 1863 2853 concer-

43 2903 56 2905 ·
90 2884 101 2923 ἕ
148 2930 154 2935 ,
206 2881 386 2928 uatoria
406 2898 516 2941 pera
537 2899 621 2929 nos
642 2889 731 2928 nao
760 2899 989 2938 vexarem,
1013 2898 1189 2942 porque
1209 2883 1346 2928 ainda
1366 2891 1465 2928 esta
1492 2891 1614 2928 sesta
1641 2885 1753 2930 seira
1781 2901 1860 2943 pa-

205 2961 321 3006 sada
341 2975 426 3006 nos
446 2962 693 3007 mandarao
715 2977 766 3006 os
788 2977 989 3020 conegos
1011 2962 1069 3006 de
1091 2963 1233 3008 Santa
1249 2963 1372 3007 Cruz
1394 2963 1612 3007 noteficar
1628 2965 1691 3008 hfi
1714 2965 1861 3008 moni-

209 3038 328 3084 torio
347 3039 408 3084 do
428 3054 512 3084 seu
527 3040 851 3094 eonseruador,
871 3055 923 3084 so
939 3054 1057 3098 pena
1072 3039 1130 3084 de
1145 3040 1490 3084 descomunhao
1506 3055 1532 3084 e
1548 3040 1626 3084 mil
1643 3043 1865 3087 cruzados

207 3116 373 3171 douro,
399 3131 488 3174 que
515 3121 607 3162 nao
637 3118 824 3163 fizemos
850 3119 962 3163 obra
990 3118 1085 3162 fora
1116 3118 1176 3162 do
1203 3132 1350 3172 muro,
1382 3132 1555 3175 porque
1576 3133 1653 3163 era
1681 3134 1750 3163 em
1780 3136 1860 3165 seu
