2196 3548
932 219 1012 256 ΑΝ.
1047 219 1138 265 1548
1790 200 1870 268 511v

205 325 318 381 mie,
348 324 491 371 Micer
527 321 707 381 Ignatio
743 322 802 366 de
838 321 1028 379 Loyola,
1070 321 1310 378 Preposito
1341 323 1398 366 de
1425 323 1468 366 la
1503 324 1755 380 Compafiia
1786 324 1861 367 del

146 455 155 458 ,
207 403 402 449 nombre
422 403 480 447 de
495 402 649 460 JesuS,
674 414 735 446 en
755 401 915 444 Roma.

982 597 1094 641 158

834 702 1051 740 GASPAR
1070 701 1240 741 LOPEz

529 801 746 845 PATRI
792 799 1098 844 IGNATIO
1136 799 1226 842 DE
1258 795 1551 842 LOYOLA

751 915 862 943 ASTA
880 915 1010 943 REGIA
1027 915 1049 942 2
1066 915 1174 950 JUNn
1194 904 1285 952 1548
1307 908 1332 940 ¹.

608 1002 719 1039 Idem
737 1007 1015 1049 argumentum
1032 1001 1247 1050 superioris
1264 990 1471 1049 epistolae.

305 1171 418 1228 Muy
438 1170 709 1216 Reverendo
729 1186 760 1228 y
781 1169 1124 1228 religiosissimo
1146 1169 1294 1214 Padre
1315 1184 1345 1226 y
1366 1169 1516 1214 Sefior
1536 1169 1642 1214 mio.

305 1247 450 1296 Salud
469 1263 550 1294 sea
569 1256 791 1307 perpetua
810 1264 841 1306 y
862 1249 906 1293 la
925 1263 1026 1306 paz,
1051 1262 1169 1305 quae
1189 1253 1409 1304 exuperat
1430 1261 1611 1291 omnem
1628 1262 1812 1292 sensum
1831 1250 1865 1302 2,

210 1338 277 1372 en
293 1325 340 1371 el
358 1325 512 1377 anima
531 1326 590 1370 de
606 1327 665 1371 V.
686 1327 743 1371 R.
762 1341 793 1384 y
809 1326 867 1370 de
883 1326 992 1371 toda
1006 1340 1087 1370 esa
1101 1331 1261 1370 sancta
1274 1339 1305 1381 y
1321 1323 1711 1369 bienaventurada
1727 1326 1869 1370 Com-
1929 1319 1934 1322 ’

211 1405 368 1463 parfia,
392 1417 483 1461 que
504 1418 592 1448 con
613 1405 673 1448 V.
699 1405 755 1448 R.
787 1419 816 1448 a
841 1403 1153 1461 congregado,
1184 1401 1263 1459 qui
1288 1401 1504 1459 dispersit
1530 1409 1576 1446 et
1603 1402 1728 1446 dedit
1753 1417 1869 1460 pau-

86 1505 104 1523 ·.
214 1479 403 1540 peribus
430 1482 464 1534 ³,
496 1481 575 1538 qui
600 1496 684 1539 pro
711 1480 846 1525 nobis
881 1481 1073 1525 effectus
1102 1486 1174 1524 est
1199 1493 1373 1537 pauper
1400 1479 1440 1532 ⁴,
1465 1481 1602 1538 Jesus
1638 1479 1867 1536 Christus,

213 1559 347 1605 Deus
366 1564 414 1603 et
433 1557 660 1604 Dominus
687 1565 858 1612 noster,
883 1557 1016 1615 cujus
1037 1555 1217 1614 justitia
1249 1563 1404 1602 manet
1431 1556 1479 1600 in
1506 1558 1740 1601 saeculum
1768 1572 1868 1602 sae-

213 1634 311 1682 culi
332 1637 366 1681 ⁸..
390 1637 559 1682 Amen.

307 1715 514 1761 Deseoso
529 1721 676 1772 estoy‚
701 1727 833 1758 como
854 1728 913 1758 en
934 1720 1033 1757 otra
1062 1719 1188 1757 carta
1213 1711 1391 1757 escrivo
1417 1716 1444 1756 a
1473 1713 1531 1757 V.
1557 1714 1632 1766 R.,
1664 1713 1722 1757 de
1749 1713 1871 1757 ofre-

215 1806 371 1839 oerme
390 1795 419 1837 ἐι
438 1798 627 1837 nuestro
649 1792 797 1838 Sefior
818 1806 878 1835 en
898 1791 966 1835 las
987 1805 1146 1835 manos
1167 1791 1225 1834 de
1247 1791 1306 1835 V.
1333 1791 1387 1834 R.
1413 1791 1447 1834 ⁸.
1480 1790 1767 1835 Esclarecido
1794 1805 1874 1835 sea

214 1869 263 1917 el
281 1869 473 1917 nombre
493 1869 569 1914 del
589 1869 738 1916 Sefior
758 1867 888 1922 Dios,
913 1882 1004 1925 que
1026 1875 1105 1912 tan
1125 1867 1314 1912 dichoso
1335 1883 1409 1912 me
1430 1867 1550 1921 hizo,
1571 1883 1660 1925 que
1676 1868 1874 1924 siquiera

214 1960 280 2006 en
299 1946 368 1994 los
389 1953 504 1992 afios
523 1946 582 1993 de
603 1945 666 1994 mi
686 1946 794 1990 vida
813 1950 841 1990 ἐ.
861 1945 947 1990 mis
968 1946 1112 2002 oydos
1129 1944 1302 1990 viniese
1318 1959 1407 1990 con
1424 1946 1532 1990 toda
1548 1945 1870 1999 certidumbre,

217 2038 313 2084 que
331 2024 378 2070 el
398 2024 597 2069 traslado
617 2024 675 2068 de
695 2024 741 2068 la
760 2023 868 2068 vida
888 2023 946 2068 de
961 2025 1074 2082 Jesu
1102 2022 1303 2077 Christo,
1328 2038 1359 2081 y
1375 2038 1455 2068 sus
1472 2024 1718 2080 Apostoles
1734 2039 1764 2080 y
1781 2023 1876 2067 dis—

217 2087 399 2165 oipulos
425 2115 477 2146 se
502 2100 778 2146 exercitasse
808 2115 868 2146 en
894 2100 1108 2158 Religion
1134 2101 1264 2146 deste
1290 2101 1480 2145 mundo.
1522 2102 1670 2145 Antes
1707 2115 1797 2158 que
1833 2102 1877 2146 el

222 2180 280 2225 P.
304 2178 567 2226 Christoval
586 2179 644 2224 de
666 2179 894 2235 Mendoea
911 2178 1084 2223 viniese
1111 2181 1217 2236 aqui
1239 2183 1267 2223 a
1287 2180 1437 2224 Xerez
1459 2179 1548 2238 [de]
1571 2180 1615 2223 la
1635 2180 1671 2223 F
1674 2186 1873 2232 rontera,

220 2255 327 2314 avia
345 2258 537 2302 muchas
557 2271 588 2314 y
609 2257 799 2301 muchas
820 2270 956 2301 vezes
977 2256 1176 2301 adorado
1191 2270 1251 2300 en
1265 2255 1327 2301 mi
1344 2271 1540 2313 coraoon
1556 2271 1634 2301 esa
1651 2263 1726 2300 tan
1745 2256 1875 2301 bien-

222 2334 511 2381 auenturada
530 2334 758 2393 Religion,
781 2349 813 2392 y
835 2348 943 2389 aun,
967 2333 1007 2379 si
1027 2334 1071 2378 el
1096 2333 1254 2379 habito
1283 2334 1468 2392 hyziese
1489 2335 1532 2378 al
1553 2334 1720 2391 monje,
1751 2349 1810 2378 en
1831 2334 1876 2378 10

140 2411 146 2417 ”
224 2411 424 2467 egterior
449 2416 477 2456 a
505 2413 637 2464 todos
666 2413 735 2457 los
763 2426 854 2470 que
890 2412 1010 2456 della
1036 2411 1190 2456 tienen
1221 2412 1390 2457 noticia
1416 2427 1442 2457 e
1470 2412 1682 2470 parecido
1716 2427 1790 2457 ser
1815 2427 1877 2469 yo
1952 2402 1957 2405 ἢ

137 2498 146 2508 ·
221 2488 319 2548 hijo
338 2490 474 2536 deila.

314 2567 362 2615 A
381 2569 500 2615 ocho
522 2573 635 2612 anos
655 2581 745 2624 que
771 2582 832 2612 en
859 2575 959 2611 esta
985 2567 1150 2612 cibdad
1175 2567 1249 2612 leo
1273 2582 1356 2626 por
1384 2567 1568 2624 consejo
1593 2582 1623 2624 y
1651 2567 1876 2612 mandado

301 2750 313 2772 ¹
363 2749 425 2785 Ex
441 2749 686 2796 autographo
703 2747 744 2784 in
763 2748 843 2784 vol.
863 2747 912 2789 A,
933 2747 1050 2783 unico
1067 2745 1175 2790 folio,
1194 2759 1234 2784 n.
1254 2741 1337 2794 224,
1358 2747 1466 2796 prius
1483 2747 1568 2794 484.

297 2811 313 2832 ¹
364 2808 431 2847 An
449 2808 609 2846 PmuP.
627 2817 683 2851 1v,
702 2816 738 2854 7.

297 2869 315 2891 ³
363 2868 434 2905 Ps.
453 2877 538 2912 cx1,
557 2879 594 2915 93
615 2869 654 2904 11
672 2868 738 2904 An
756 2867 862 2904 Con.
880 2877 938 2911 xx,
957 2879 994 2915 9.

301 2929 318 2951 ⁴
365 2927 532 2976 Propter
548 2939 621 2964 vos
638 2939 791 2975 egenus
808 2927 937 2964 faetus
955 2932 1030 2964 est.
1050 2927 1089 2964 11
1106 2927 1172 2964 An
1189 2926 1295 2964 COR.
1313 2928 1402 2971 Vm,
1421 2939 1457 2974 9.

301 2989 319 3012 8

302 3051 321 3072 6

367 2988 419 3026 Et
431 2987 587 3036 justitia
604 2987 691 3036 ejus
708 2993 842 3024 manet
858 2988 899 3024 in
917 2988 1119 3025 saeculum
1136 2987 1298 3024 saeculi.
1317 2989 1387 3025 Ps.
1406 2997 1477 3034 cx,
1496 2987 1533 3024 3.

369 3047 472 3086 Vide
489 3049 606 3097 epist.
622 3048 878 3096 superiorem.
