2196 3548
386 260 458 306 478
989 261 1224 295 EPISTOLAE
1250 259 1417 294 ΜιΧτΑε

1147 500 1255 541 145

995 607 1268 645 ANTONIUS
1296 606 1409 644 GOU

762 712 948 755 PATRI
979 710 1239 753 IGNATIO
1271 710 1354 751 DE
1385 709 1644 755 LOYOLA

903 830 1146 858 BARCINONE
1163 829 1177 855 1
1198 829 1343 855 MARTn
1363 819 1498 866 1548.
1474 823 1483 843 ¹

383 926 445 960 De
468 923 549 959 suis
567 923 748 977 negotiis.
754 922 1038 959 —Societatem
1054 921 1165 956 inire
1190 921 1443 956 vehementer
1466 926 1570 957 avet:
1598 922 1740 977 Ignatii
1763 913 1957 960 voluntati
1972 935 2017 963 se

453 971 571 1007 tradit
589 970 759 1006 omnino.
764 972 872 1006 —De
898 969 1063 1005 Araozio
1082 974 1121 1004 et
1150 968 1234 1014 ejus
1263 967 1532 1004 concionibus.
1537 970 1646 1006 -De
1663 969 1737 1018 piis
1760 969 2018 1011 barciacum·

456 1018 557 1054 sium
575 1018 773 1065 operibus.

1142 1127 1241 1222 Jlis.

471 1286 582 1341 Muy
608 1284 717 1328 R.d0
738 1299 768 1341 y
789 1299 845 1328 en
869 1284 911 1327 61
933 1285 1078 1328 86ῆοῐ
1098 1282 1388 1326 dilectissimo
1412 1284 1573 1328 Padre.

471 1362 537 1405 La
557 1376 733 1404 summa
769 1360 914 1418 gratia
940 1375 970 1416 y
1001 1374 1126 1403 amor
1161 1360 1219 1403 de
1255 1359 1438 1403 Christo
1470 1367 1657 1405 nuestro
1685 1359 1833 1407 Sefior
1857 1374 1936 1408 sea
1954 1377 2015 1409 en

380 1445 566 1482 nuestro
587 1437 802 1481 continuo
826 1438 954 1480 fauor
974 1451 1003 1492 y
1025 1435 1173 1479 aiuda.
1199 1437 1407 1492 Despues
1429 1451 1518 1493 que
1539 1438 1582 1482 61
1603 1438 1658 1482 P.
1683 1439 1826 1484 Santa
1852 1439 1975 1485 Crux
1995 1441 2012 1463 ¹

379 1499 512 1572 passo
533 1529 615 1571 por
636 1518 717 1557 aea
739 1515 835 1571 (por
856 1515 897 1557 el
918 1514 1019 1557 cual
1040 1517 1186 1556 screui
1209 1517 1235 1556 a
1257 1515 1315 1557 V.
1344 1516 1395 1557 P.
1421 1529 1452 1571 y
1471 1515 1515 1558 16
1530 1515 1576 1559 di
1597 1521 1726 1573 parte
1751 1516 1810 1561 de
1830 1516 2018 1574 palabra

377 1592 437 1635 de
457 1590 542 1634 mis
563 1590 779 1647 negocios
800 1589 1084 1646 domesticos)
1107 1604 1167 1633 no
1189 1597 1330 1647 tengo
1349 1590 1488 1635 serito
1511 1595 1538 1635 a
1559 1592 1617 1637 V.
1642 1593 1717 1646 R.,
1747 1593 1806 1637 de
1830 1608 1921 1650 que
1939 1606 2014 1640 me

367 1669 500 1712 'hallo
521 1682 630 1723 muy
647 1668 855 1723 culpado,
875 1682 904 1723 y
921 1666 1124 1723 supplico
1139 1669 1166 1710 a
1188 1668 1245 1711 V
1267 1668 1321 1710 R.
1342 1682 1415 1711 me
1430 1669 1646 1724 perdone,
1665 1685 1695 1727 y
1711 1670 1768 1714 de
1784 1685 1839 1715 su
1854 1674 2013 1716 sandta

379 1743 628 1788 bendition.

465 1822 565 1864 Con
587 1827 684 1864 esta
705 1819 881 1863 auisare
898 1819 970 1862 del
992 1834 1180 1863 succeso
1196 1820 1253 1864 de
1269 1819 1355 1863 mis
1370 1819 1587 1865 miserias.
1608 1823 1680 1866 Yo
1698 1829 1810 1867 tuue
1823 1823 1868 1867 la
1883 1833 2006 1868 eom—

376 1900 513 1955 paffia
534 1898 548 1919 ³
572 1897 646 1941 del
666 1897 804 1940 modo
835 1910 922 1951 que
949 1900 1093 1950 antes,
1123 1897 1250 1940 saluo
1278 1911 1366 1952 que
1393 1911 1479 1940 con
1500 1902 1597 1942 mes
1623 1898 1815 1943 libertad
1840 1898 1901 1944 de
1919 1911 2010 1956 que

375 1973 509 2031 podia
531 1973 710 2030 comigo
732 1972 852 2026 salir,
877 1988 906 2028 y
929 1972 1125 2016 tambien
1146 1972 1311 2016 venian
1332 1987 1391 2017 en
1413 1988 1518 2018 casa
1544 1975 1610 2018 las
1635 1989 1850 2032 personas
1871 1990 1962 2034 que
1981 1979 2010 2022 a

374 2054 434 2094 mi
456 2065 529 2095 me
550 2050 765 2107 pareseia3
791 2065 821 2106 y
842 2056 939 2093 esto
960 2050 1073 2093 duro
1095 2051 1225 2094 hasta
1245 2051 1312 2094 los
1340 2051 1390 2094 18
1408 2051 1465 2095 de
1481 2051 1772 2106 Nouiembre,
1790 2067 1822 2110 y
1842 2057 2007 2098 anton-

373 2142 451 2172 ees
472 2141 547 2184 yo,
571 2127 736 2171 viendo
758 2141 846 2182 que
867 2127 923 2169 de
945 2127 1120 2182 aquella
1141 2141 1324 2170 manera
1343 2142 1406 2171 no
1427 2127 1561 2172 venia
1580 2142 1638 2172 en
1654 2128 2007 2175 conoscimiento

371 2206 558 2262 alguno,
584 2208 712 2247 antes
734 2210 1069 2260 augmentauan
1090 2218 1168 2246 sus
1188 2204 1694 2260 descontentamientos,
1718 2220 1780 2250 no
1796 2207 2007 2252 obstante

374 2295 463 2337 que
483 2296 565 2338 por
585 2280 682 2323 vias
702 2281 919 2323 honestas
940 2294 997 2335 yo
1023 2280 1066 2323 16
1092 2279 1270 2323 ouiesse
1295 2281 1572 2337 procurados
1598 2282 1666 2326 los
1693 2283 1890 2339 plaseres
1917 2297 2007 2340 que

366 2359 602 2415 juzgauan
623 2357 762 2412 poder
782 2371 811 2412 y
834 2356 1065 2399 deuersele
1086 2356 1181 2409 dar,
1207 2371 1288 2413 por
1308 2372 1388 2401 ver
1409 2357 1447 2401 si
1463 2372 1514 2401 se
1529 2358 1789 2403 conteuiera
1803 2374 1834 2416 y
1854 2374 2006 2404 assos-

371 2449 548 2491 segara,
574 2436 694 2477 tome
714 2447 804 2475 vna
825 2447 985 2489 muger
1006 2433 1062 2476 de
1083 2433 1276 2477 seruicio
1303 2448 1361 2477 en
1382 2448 1503 2487 casa,
1533 2449 1620 2478 con
1641 2435 1685 2479 la
1711 2436 1816 2492 qual
1838 2419 1903 2480 ‘no
1923 2450 2004 2480 co-

372 2514 496 2554 nosei
520 2509 736 2562 remedio,
767 2513 894 2552 antes
924 2524 1045 2565 peor.
1079 2511 1294 2564 Procure,
1325 2510 1476 2568 vigilia
1503 2512 1560 2555 de
1588 2511 1798 2556 Nauidad
1818 2513 1876 2558 de
1890 2515 2003 2572 Jesu

371 2589 450 2631 X.⁰
487 2594 672 2631 nuestro
710 2587 870 2639 Sefior,
902 2587 958 2628 de
987 2593 1130 2629 tomar
1165 2594 1263 2631 otra
1284 2602 1446 2644 muger
1472 2589 1730 2645 approbada
1757 2603 1842 2634 con
1870 2591 2001 2635 harto

444 2767 455 2787 ¹
505 2765 564 2800 Ex
581 2764 820 2810 autographo
836 2762 876 2798 in
894 2764 971 2798 vol.
993 2764 1040 2806 A,
1056 2763 1201 2811 duplici
1214 2764 1320 2808 folio,
1339 2777 1378 2801 n.
1398 2765 1458 2811 78,
1477 2766 1583 2813 prius
1601 2776 1684 2813 492.

441 2827 456 2847 ²
506 2825 549 2859 P.
569 2823 757 2859 Martinus
777 2823 1000 2865 Santacruz,
1020 2823 1086 2870 qui
1103 2836 1152 2859 ex
1170 2824 1383 2870 Lusitania,
1410 2831 1453 2861 ut
1474 2826 1622 2862 dictum
1646 2832 1720 2872 est,
1744 2826 1999 2864 Barcinonem

369 2890 546 2928 venerat,
561 2884 651 2918 inde
665 2883 827 2918 Romam
841 2882 888 2917 ad
901 2883 1139 2919 conficienda
1153 2884 1342 2932 quaedam
1356 2885 1523 2931 Collegii
1537 2885 1867 2924 Conimbricensis
1880 2898 1999 2934 nego-
2029 2889 2031 2891 ’

368 2945 424 2980 tia
440 2943 696 2992 profecturus.

440 3005 454 3025 ³
505 3003 692 3050 Loquitur
710 3003 797 3038 Gou
815 3002 854 3037 in
873 3003 993 3048 prima
1009 3003 1122 3049 hujus
1146 3003 1334 3050 epistolae
1352 3009 1460 3051 parte
1485 3004 1533 3040 de
1548 2999 1672 3041 >uxore
1697 3017 1767 3041 sua
1783 3005 1824 3042 in
1846 3007 1996 3043 scelere

366 3062 535 3110 quodam
553 3061 807 3108 deprehensa.
824 3061 922 3096 Vide
937 3062 1049 3106 infra,
1070 3063 1183 3109 epist.
1207 3071 1286 3108 175.
