2196 3548
948 304 1026 339 ΑΝ.
1059 312 1150 349 1547
1803 307 1876 353 443

1002 486 1110 529 XIV

317 642 387 685 En
408 641 453 684 10
475 655 565 698 que
591 655 642 685 se
670 640 772 686 dize
798 656 958 686 acerca
985 642 1042 686 de
1069 642 1136 685 las
1164 641 1316 698 reglas
1342 641 1400 684 de
1427 640 1625 684 escrevir
1656 655 1771 697 «que
1799 646 1881 685 ace}

226 733 286 763 en
308 719 491 776 Espafia
511 733 595 763 nos
616 721 838 777 hagamos
860 721 993 764 saber
1013 734 1130 763 vnos
1150 719 1209 763 de
1236 725 1360 762 otros
1388 724 1507 762 etc.»
1539 717 1577 761 si
1599 725 1698 762 esto
1720 733 1770 763 se
1798 734 1866 763 en⁴

225 795 379 840 tiende
399 810 490 852 que
510 797 728 840 debamos
750 798 808 841 de
829 796 1027 841 escrevir
1049 800 1076 840 ἐι
1098 796 1228 840 todas
1249 796 1316 840 las
1338 801 1490 853 partes
1505 795 1658 839 donde
1678 796 1881 840 estuvie-

226 886 308 917 ren
330 873 454 918 dela
482 874 751 931 Compafiia,
783 888 915 918 como
943 873 1184 931 Portugal,
1216 873 1484 930 Barcelona,
1515 873 1692 926 Alcala,
1724 874 1881 918 Valla—

223 949 366 1006 cloud,
391 950 626 1008 Valencia,
657 951 912 1009 Caragoca,
943 966 975 1008 y
1003 951 1070 995 las
1098 951 1254 995 demas
1282 957 1434 1007 partes
1463 950 1615 994 donde
1642 951 1801 994 fueren
1824 952 1883 995 de

223 1028 269 1072 la
289 1028 558 1086 Compafiia‚
582 1043 715 1073 como
743 1030 1029 1084 Salamanca,
1061 1027 1246 1082 Sevffla,
1278 1034 1388 1081 etc.,
1419 1043 1450 1085 y
1478 1027 1516 1072 si
1545 1032 1572 1072 ἐι
1603 1028 1732 1072 todas
1760 1035 1883 1072 estas

225 1112 379 1163 partes
399 1120 451 1150 se
471 1121 499 1150 a
519 1107 578 1150 de
598 1106 812 1160 escrevir,
837 1105 876 1150 si
897 1106 956 1151 de
977 1120 1075 1151 mes
1095 1109 1123 1150 zi
1143 1120 1257 1160 mes,
1282 1109 1310 1150 ὁ
1337 1108 1514 1161 menos,
1545 1109 1573 1149 ό
1599 1105 1637 1148 si
1666 1106 1883 1150 devemos

225 1183 427 1242 guardar
452 1183 584 1228 todas
610 1185 762 1242 reglas
790 1198 880 1241 que
906 1198 965 1228 en
998 1182 1198 1228 escrevir
1224 1187 1251 1227 ά
1288 1184 1433 1227 Roma
1462 1197 1521 1227 en
1554 1182 1752 1227 escrevir
1781 1186 1880 1236 acet,

226 1275 361 1306 como
387 1275 447 1306 en
474 1262 517 1306 el
542 1261 750 1319 duplicar
776 1262 843 1307 las
870 1269 1035 1316 cartas,
1072 1276 1103 1318 y
1130 1260 1329 1306 escrevir
1362 1261 1421 1305 de
1456 1268 1620 1317 quatro
1656 1264 1684 1304 ἐ.
1717 1267 1882 1316 quatro

226 1339 376 1383 meSes
397 1339 505 1383 todo
526 1339 571 1383 10
593 1353 683 1396 que
703 1340 762 1383 de
782 1339 987 1396 aquellos
1009 1346 1173 1396 quatro
1194 1353 1342 1383 meses
1365 1346 1487 1382 atras
1508 1346 1618 1393 etc.‚
1644 1342 1672 1382 ό
1694 1337 1731 1382 si
1753 1339 1884 1381 basta

0 1402 13 1471 {³
227 1416 428 1461 escrevir
452 1417 497 1461 la
523 1417 805 1471 substancia,
835 1432 867 1474 y
894 1420 922 1461 ἐ.
947 1417 1015 1481 las
1041 1423 1195 1475 partes
1224 1417 1321 1461 solo
1349 1431 1439 1473 que
1472 1432 1530 1473 ay
1563 1415 1797 1474 Collegios
1826 1416 1884 1460 de

0 1497 12 1554 ζ
226 1493 527 1548 estudiantes,
551 1498 580 1539 ό
601 1495 645 1539 al
667 1493 907 1552 Preposito
930 1494 1209 1548 Prouincial‚
1235 1509 1345 1552 para
1366 1509 1456 1551 que
1473 1495 1515 1538 61
1531 1495 1589 1538 (16
1607 1493 1750 1548 aviso;
1771 1508 1886 1550 que-

226 1569 318 1616 rria
338 1585 430 1628 que
449 1587 499 1617 se
520 1587 604 1616 nos
625 1572 872 1617 declarase.

313 1650 386 1695 De
407 1650 589 1695 Gandia
609 1653 636 1694 ἐι
659 1663 684 1706 3
706 1650 765 1694 de
786 1650 1063 1694 Noviembre
1092 1660 1220 1706 1547.

373 1726 633 1772 Obediente
653 1727 748 1784 hijo
769 1728 828 1772 (16
849 1729 908 1772 V.
935 1729 990 1772 P.
1016 1742 1075 1772 en
1097 1727 1184 1772 X.⁰
1206 1735 1395 1772 nuestro
1425 1728 1589 1781 Sefior,

1105 1806 1310 1850 ANDRES
1334 1807 1635 1850 PUBLICANo.

314 1881 678 1940 Superscripti0:
698 1883 790 1927 Ihs.
818 1881 945 1927 Patri
971 1882 1168 1940 Ignatio,
1195 1882 1462 1940 Praeposito
1484 1882 1700 1928 Generali
1724 1882 1859 1928 Socie
1874 1909 1883 1912 -

227 1958 335 2004 tatis
355 1960 414 2004 de
435 1959 620 2004 nomine
641 1961 762 2014 Ihu.,
787 1975 929 2018 prope
951 1961 1173 2006 Sanctum
1196 1962 1420 2015 Marcum,
1445 1962 1633 2007 Romae.

999 2173 1119 2215 iao

833 2275 1057 2314 THOMAS
1082 2275 1260 2314 GONZ..
1269 2303 1277 2312 .

560 2373 773 2417 PATRI
810 2373 1112 2418 IGNATIO
1144 2373 1234 2417 DE
1271 2374 1563 2418 LOYOLA

677 2488 968 2516 CASTELLIONE
987 2489 1032 2526 25
1050 2489 1293 2517 novmfflms
1314 2489 1405 2527 1547
1426 2483 1452 2516 ¹.

228 2584 285 2622 Ut
302 2583 510 2632 Sylvester
527 2582 728 2619 Landinus
747 2582 895 2619 diutius
913 2582 1155 2620 Castellione
1178 2590 1443 2620 commoretur
1461 2584 1510 2620 ad
1527 2583 1697 2621 fructum
1722 2595 1772 2620 ex
1796 2594 1886 2620 con-

576 2630 757 2668 cionibus
774 2630 941 2678 aliisque
959 2630 1188 2667 ministeriis
1205 2631 1528 2668 confirmandum.

1046 2708 1076 2768 ,Γ

320 2805 432 2851 R.do
455 2806 606 2873 Padre
627 2805 674 2849 in
696 2807 816 2863 Xpo.
842 2812 1000 2849 nostro
1022 2805 1236 2863 Signore.

318 2885 532 2929 Facendo
561 2884 640 2941 qui
668 2883 699 2927 il
726 2890 884 2928 nostro
907 2882 1105 2941 Signore
1131 2883 1259 2928 Iddio
1285 2899 1402 2942 gran
1426 2885 1567 2927 frutto
1595 2884 1714 2928 nelle
1735 2883 1887 2927 anime

306 3013 315 3034 ¹
366 3011 426 3047 Ex
443 3010 624 3058 originali
653 3011 694 3047 in
720 3012 799 3047 vol.
820 3011 870 3053 A,
891 3010 1007 3047 unico
1036 3010 1145 3056 folio,
1175 3023 1214 3047 n.
1238 3011 1319 3056 182,
1350 3011 1458 3059 prius
1487 3009 1883 3048 303.—Occasionem

0 3084 10 3128 ,ᾗ
229 3070 346 3119 hujus
364 3082 498 3108 sacrae
517 3071 684 3108 Landini
702 3070 966 3119 expeditionis
984 3082 1054 3119 per
1071 3071 1179 3107 varia
1202 3071 1339 3108 Italiae
1358 3071 1514 3119 oppida,
1533 3070 1744 3106 conciones
1768 3070 1808 3105 in
1826 3069 1885 3106 eis

230 3130 385 3168 habitas
403 3137 444 3169 et
461 3131 700 3168 uberrimum
719 3131 889 3168 fructum
908 3130 999 3167 inde
1018 3136 1247 3178 perceptum
1266 3131 1412 3179 optime
1430 3129 1620 3166 describit
1637 3130 1884 3172 POLANCUS,
