2196 3548
331 205 404 241 400
942 196 1176 230 prsTOLAE
1204 195 1371 229 ΜΙΧΤΑΕ

1094 406 1210 446 122

868 512 1164 548 EMMANUEL
1190 509 1439 548 GODINHO

544 614 755 657 PATRI
807 614 1128 658 MARTINO
1182 613 1270 655 DE
1322 612 1748 659 SANTACRUZ

756 722 1015 750 CONIMBRICA
1041 721 1082 747 21
1113 719 1372 747 SEPTEMBRIS
1401 719 1491 757 1547
1519 714 1546 748 1.

335 810 395 844 De
419 813 523 844 statu
548 819 677 843 rerum
701 806 972 853 temporalium
997 807 1027 842 C
1031 805 1328 841 on1mbr1cens1s
1353 805 1534 860 Collegii‚
1563 807 1667 853 quod
1691 808 1775 844 vult
1798 812 1841 844 ut
1865 819 1971 843 com—

407 855 630 891 mendatum
643 856 797 890 habeat.
802 854 969 899 -Regis
985 853 1212 897 liberalitas,
1228 858 1268 888 et
1282 852 1477 888 studium
1467 864 1507 889 ln
1521 854 1807 908 propagandam
1820 854 1969 895 Christi

404 902 535 938 fidem.
539 901 813 938 —Adversarii
832 901 1052 937 Societatis.
1057 903 1164 936 —De
1180 880 1252 936 S’ti.
1270 899 1411 936 Felicis
1427 901 1675 937 monasterio.
1678 903 1787 938 -De
1805 901 1972 940 transitu

405 950 454 985 ad
471 950 568 986 alios
586 950 857 995 religiosorum
876 948 1045 984 ordines.

1092 1062 1214 1104 Ihus.

429 1159 471 1201 A
494 1172 631 1214 graca
653 1171 677 1200 e
699 1171 823 1199 amor
845 1157 901 1198 de
923 1157 1040 1211 Xpo.
1073 1169 1184 1197 noso
1214 1156 1391 1200 Senhor
1417 1156 1511 1212 seja
1537 1171 1713 1213 sempre
1739 1171 1810 1200 em
1836 1170 1975 1201 nosas

340 1235 495 1278 almas.

428 1311 573 1354 Padre
594 1323 713 1362 meu,
739 1323 871 1364 quem
895 1309 1024 1351 valde
1045 1308 1185 1365 diligo
1207 1308 1254 1351 in
1275 1309 1486 1353 Domino.
1513 1293 1623 1354 Rem
1645 1324 1748 1354 creo
1769 1324 1896 1354 creta
1916 1309 1975 1354 (16

336 1387 444 1430 mim
471 1393 641 1442 quanto
669 1386 810 1429 maio'r
838 1400 954 1442 gozo
987 1400 1058 1428 me
1087 1385 1182 1428 fora
1210 1385 1404 1442 praticar
1430 1393 1550 1430 estas
1578 1401 1740 1430 000535
1772 1386 1885 1431 facie
1902 1386 1975 1430 ad

337 1464 512 1517 saciem3
538 1478 649 1516 mas,
676 1462 772 1519 pois
794 1477 906 1506 noso
929 1463 1104 1507 Senhor
1126 1477 1206 1518 asy
1227 1476 1275 1506 se
1297 1478 1351 1506 aa
1371 1477 1453 1519 por
1480 1463 1675 1516 servido,
1705 1477 1976 1520 precurarey

338 1548 406 1585 ter
426 1540 665 1597 pacientia,
690 1547 763 1583 ate
784 1554 896 1583 noso
918 1537 1124 1599 [Senhor]
1146 1554 1220 1582 mo
1248 1546 1402 1583 tornar
1430 1555 1456 1583 a
1483 1525 1719 1594 conceder,
1745 1540 1927 1596 quando
1948 1554 1975 1583 a

337 1633 420 1662 sua
441 1616 594 1660 divina
615 1616 880 1673 Magestade
900 1631 1139 1672 aprouuer.
1167 1618 1280 1669 Mas,
1305 1616 1485 1672 despois
1507 1617 1564 1660 de
1585 1632 1612 1660 3
1627 1618 1766 1670 Deos,
1785 1621 1873 1660 030
1893 1617 1977 1660 (16-

339 1709 475 1751 xarey
496 1695 552 1737 de
573 1692 699 1749 pedir
721 1709 747 1736 3
775 1695 830 1737 V.
865 1694 919 1736 R.
952 1707 1040 1748 que
1067 1693 1125 1736 (13
1153 1707 1236 1736 503
1263 1700 1389 1749 parte
1417 1694 1619 1738 trabalhe
1645 1708 1817 1750 porque
1847 1690 1977 1738 meus

338 1771 514 1827 desejos
535 1771 591 1813 de
613 1784 640 1813 0
662 1777 814 1813 tornar
835 1786 861 1813 3
883 1784 961 1812 ver
982 1777 1133 1812 nestas
1156 1776 1304 1826 partes
1327 1784 1375 1813 se
1397 1775 1612 1826 cumpr5o
1640 1785 1667 1814 0
1695 1769 1807 1814 mais
1837 1771 1977 1815 breue

341 1864 429 1905 que
450 1864 533 1892 sua
560 1848 702 1892 muita
730 1846 964 1903 diligentia
992 1860 1061 1889 em
1091 1861 1198 1896 6565,
1215 1847 1367 1903 largos
1398 1846 1740 1903 impedimentos
1769 1861 1847 1891 soe
1874 1861 1978 1890 005-

343 1933 507 1969 tumar.
1163 1915 1166 1918 Α

434 2004 471 2045 Ε
498 2001 734 2058 deyxando
762 2007 858 2044 esto
887 2014 974 2054 que
1001 2000 1057 2043 de
1088 1999 1200 2043 mais
1228 2006 1355 2056 perto
1377 2000 1470 2043 mui
1497 2000 1610 2044 mais
1637 2000 1981 2057 especialmente

345 2087 435 2123 tem
462 2077 843 2134 experimentado,
875 2091 1014 2131 quero
1041 2076 1110 2118 vir
1139 2092 1164 2119 3
1191 2077 1346 2120 darlhe
1375 2084 1509 2120 conta
1535 2091 1560 2120 6
1588 2091 1730 2120 novas
1766 2077 1981 2134 daquelas

343 2170 504 2200 000535
520 2169 591 2198 em
614 2168 701 2210 que
717 2153 829 2196 mais
850 2167 997 2205 verso,
1018 2153 1124 2208 quia
1141 2167 1273 2196 nemo
1289 2159 1438 2209 potest
1454 2154 1561 2197 dare
1582 2153 1668 2198 nisi
1686 2154 1808 2209 quod
1823 2154 1977 2207 habet,

345 2247 447 2276 nem
471 2232 572 2287 vejo
595 2245 683 2287 que
703 2231 760 2273 de
781 2229 887 2272 mim
910 2244 1017 2285 posa
1039 2244 1217 2286 esperar
1239 2229 1366 2273 mais.

433 2311 543 2352 Bem
565 2308 689 2360 sabe,
715 2307 895 2362 quando
918 2307 973 2349 (16
994 2320 1077 2349 nos
1099 2320 1147 2349 56
1169 2306 1329 2362 partio,
1355 2320 1382 2349 0
1404 2307 1559 2349 estado
1580 2320 1651 2349 em
1672 2320 1762 2362 que
1783 2313 1936 2350 estava
1952 2321 1980 2350 o

344 2385 560 2441 temporal
587 2385 714 2427 desta
742 2397 861 2435 casa,
894 2398 918 2426 6
946 2399 972 2426 3
1001 2398 1146 2438 pouca
1174 2382 1478 2439 posibelidade
1506 2397 1594 2438 (106
1622 2383 1723 2426 0613
1751 2382 1851 2426 avia
1872 2397 1979 2440 pera

342 2478 396 2518 yr
417 2469 580 2505 avante
601 2475 687 2504 con
710 2474 822 2502 noso
844 2459 1037 2512 edificio,
1071 2464 1145 2503 ῒέῑο
1173 2459 1402 2503 necesario
1429 2473 1536 2515 pera
1563 2460 1651 2502 003
1677 2464 1981 2503 00056τν3030

344 2540 401 2582 (13
418 2553 538 2588 0353,
564 2544 734 2592 quanto
756 2550 868 2578 noso
890 2537 1065 2580 Senhor
1088 2537 1211 2590 sabe3
1243 2536 1335 2579 sed·
1350 2535 1455 2591 quia
1482 2535 1629 2579 bonus
1657 2542 1702 2579 et
1729 2535 1983 2580 misericors

346 2611 415 2658 est
434 2617 576 2666 Deus,
601 2613 678 2668 qui
700 2627 791 2655 non
814 2613 927 2655 solet
949 2612 1123 2668 privare
1145 2612 1275 2656 bonis
1297 2626 1391 2666 eos,
1412 2612 1488 2668 qui
1516 2613 1748 2656 ambulant
1775 2612 1823 2656 in
1849 2612 1982 2656 inno-

348 2691 496 2735 centia
517 2691 550 2743 ²,
575 2705 632 2733 ex
652 2691 739 2732 hoc
761 2703 853 2731 non
875 2690 1023 2731 solum
1042 2688 1088 2732 in
1110 2688 1434 2745 spiritualibus,
1464 2689 1544 2733 sed
1571 2689 1706 2732 etiam
1733 2688 1781 2732 in
1809 2695 1984 2746 tempo-

349 2767 533 2819 ralibus,
558 2781 670 2822 quer
691 2779 772 2822 por
794 2779 877 2808 503
899 2765 1104 2809 bondade
1126 2765 1302 2808 infinita
1324 2773 1390 2808 ter
1413 2770 1487 2809 tao
1508 2765 1701 2822 especial
1722 2766 1914 2810 cuidado
1929 2767 1987 2810 de

422 2934 430 2953 ¹
481 2932 540 2967 Ex
558 2931 798 2976 autographo
816 2929 856 2964 in
874 2931 951 2964 vol.
973 2930 1021 2973 A,
1041 2930 1186 2977 duplici
1205 2930 1312 2975 folio,
1334 2943 1372 2966 n.
1392 2939 1451 2975 75,
1470 2930 1577 2978 prius
1596 2930 1679 2977 398,
1698 2930 1781 2977 399.

417 2992 432 3013 ²
483 2990 571 3025 Non
589 2989 758 3037 privabit
775 2988 888 3024 bonis
907 3000 987 3032 eos,
1006 2989 1071 3035 qui
1090 2991 1289 3025 ambulant
1307 2990 1346 3025 in
1370 2989 1605 3026 innocentia.
1633 2990 1699 3025 ΡΞ.
1726 2999 1896 3035 LXXXIII,
1925 2989 1982 3027 13.
