2190 3510
888 261 1113 296 APPENDIX
1753 265 1821 309 585

170 363 269 412 cosi
298 362 331 407 il
358 362 542 408 Vicario
569 361 661 405 mio
688 376 760 406 me
791 376 850 406 ne
876 361 1044 406 mando
1070 362 1100 405 l’
1131 362 1319 419 alligato
1349 378 1539 408 essame.
1569 366 1626 407 Et
1656 367 1823 421 perche

171 440 287 486 detti
308 439 435 486 Preti
456 439 829 484 continuamente
856 453 947 483 con
970 440 1101 482 'molt’
1133 438 1340 483 instanza
1375 442 1434 483 m'
1466 442 1619 485 hanno
1653 442 1823 486 ricerco

171 520 259 563 che
284 517 324 563 si
355 518 474 562 ueda
500 531 527 561 e
551 516 754 561 dechiari
784 517 828 561 la
855 515 1016 570 Verita,
1052 523 1099 561 et
1125 531 1205 573 per
1237 524 1400 572 questo
1428 531 1659 573 processo,
1691 519 1823 574 quale

170 596 338 640 mando
359 609 387 640 a
407 595 466 639 V.
492 595 542 641 S.
569 596 699 639 Rma.
736 596 831 652 (per
852 601 1025 651 quanto
1057 593 1118 636 mi
1141 593 1179 637 si
1207 593 1309 637 dice
1330 594 1389 637 da
1410 594 1547 649 quelli
1579 595 1697 639 della
1718 611 1823 652 pro-

171 671 384 730 fessione)
412 686 506 717 non
541 686 592 716 se
618 686 677 716 ne
713 673 806 729 puo
832 673 914 716 dar
945 678 1163 715 sentenza
1195 670 1437 715 diffinitiua
1469 672 1739 716 assolutoria
1766 688 1823 717 ne

168 749 542 803 condannatoria,
577 764 670 793 non
692 749 922 802 douendo,
953 763 1012 792 ne
1039 749 1239 806 potendo
1266 762 1479 792 mancare
1507 750 1593 792 alla
1621 749 1824 793 sollecita

167 826 345 872 istanza
369 829 457 872 che
482 827 597 872 detti
624 826 951 884 contemplanti
979 826 1041 870 mi
1071 826 1225 879 fanno,
1262 832 1308 870 et
1335 826 1530 870 essendo
1559 834 1724 883 troppo
1752 826 1822 870 in-

171 904 300 960 trim,
321 919 414 948 una
430 919 570 949 causa
586 903 632 948 di
656 906 822 948 Parma
837 903 883 947 di
901 912 1064 960 questa
1080 911 1219 957 sorte,
1244 904 1507 948 conoscerla
1528 919 1635 960 qua,
1656 905 1824 948 mando

167 996 196 1026 a
222 982 282 1027 V.
314 983 365 1028 S.
398 983 530 1027 Rma.
561 982 689 1026 detto
723 982 912 1039 alligato
941 995 1174 1039 processo,
1206 988 1253 1026 et
1282 982 1326 1026 13
1352 980 1560 1038 supplico
1587 996 1667 1038 per
1698 996 1825 1026 amor

166 1059 319 1105 miosi
339 1060 480 1118 degni
501 1066 727 1104 accettare
748 1067 911 1116 questa
932 1074 1070 1104 causa
1093 1059 1242 1117 (quale
1262 1073 1344 1116 per
1364 1060 1490 1102 buon
1519 1058 1709 1116 rispetto
1731 1074 1823 1103 non

166 1137 327 1196 uoglio
360 1137 431 1182 sia
455 1137 722 1182 conosciuta
758 1136 1004 1181 altrimenti
1040 1137 1116 1180 dal
1153 1136 1245 1180 mio
1276 1135 1476 1192 Vicario)
1515 1151 1541 1180 e
1577 1136 1823 1194 diligente-

165 1221 321 1260 mente
344 1215 581 1260 facendola
612 1215 888 1259 essaminare
909 1216 968 1258 da
989 1214 1063 1258 chi
1086 1214 1151 1272 gli
1172 1216 1305 1271 parra
1326 1215 1370 1257 al
1392 1214 1641 1271 proposito,
1668 1213 1822 1258 truoui

164 1292 209 1337 la
230 1292 378 1338 uerita
397 1293 518 1337 della
539 1292 636 1336 uita
657 1299 702 1337 et
724 1292 920 1336 costumi
942 1292 990 1338 di
1009 1291 1124 1337 detti
1141 1292 1278 1349 preti,
1305 1291 1544 1335 assoluerli
1567 1307 1594 1336 o
1616 1292 1822 1336 condan-

155 1369 280 1415 *narli
301 1371 501 1415 secondo
522 1371 567 1415 la
587 1369 795 1427 giustitia
810 1377 856 1414 et
871 1369 1059 1414 arbitrio
1075 1369 1122 1413 di
1144 1371 1202 1414 V.
1223 1370 1272 1415 S.
1295 1371 1446 1422 Rma.‚
1472 1384 1610 1414 senza
1631 1369 1821 1426 rispetto

164 1448 209 1491 d’
231 1447 418 1501 alcuno,
443 1462 532 1492 con
554 1447 780 1492 essamine
801 1450 948 1493 ancho
970 1447 1204 1504 rigoroso,
1225 1461 1315 1490 con
1333 1449 1419 1491 che
1440 1447 1726 1505 bisognasse,
1746 1448 1820 1490 ch’

163 1539 192 1570 a
214 1532 342 1570 tanto
363 1527 401 1570 s'
426 1540 696 1583 espongono
717 1532 1129 1582 spontaneamente
1149 1525 1263 1569 detti
1286 1525 1418 1582 preti,
1444 1533 1491 1569 et
1512 1525 1558 1568 di
1587 1532 1751 1581 questo
1771 1526 1820 1570 n’

162 1603 309 1649 hauro
331 1610 460 1648 tanto
481 1603 637 1661 obligo
658 1619 685 1647 a
707 1605 765 1648 V.
791 1604 841 1649 S.
868 1605 1019 1656 Rma.,
1041 1611 1233 1659 quanto,
1259 1604 1454 1648 essendo
1472 1603 1648 1647 occorsi
1671 1602 1821 1660 questi

163 1681 336 1727 rumori
356 1695 384 1726 e
404 1681 606 1726 scandali
627 1682 748 1726 nella
769 1681 860 1725 mia
881 1680 1117 1738 spirituale
1140 1680 1477 1738 giurisditione,
1509 1683 1555 1725 n’
1591 1682 1617 1725 e
1639 1680 1717 1738 piu
1738 1681 1820 1724 de-

163 1758 262 1804 bito
281 1758 549 1812 rissoluerli,
574 1774 600 1803 e
621 1759 683 1804 mi
704 1759 888 1803 confido
905 1759 952 1805 in
970 1760 1137 1816 quella,
1157 1760 1246 1804 alla
1262 1760 1397 1815 quale
1414 1759 1476 1802 mi
1494 1759 1814 1803 raccomando.

164 1837 227 1882 Di
245 1838 408 1892 Roma,
432 1836 508 1881 alli
531 1838 587 1882 28
609 1837 655 1880 d’
681 1838 863 1894 Agosto
884 1837 959 1881 del
987 1847 1113 1892 1542.

252 1916 326 1960 De
346 1915 405 1960 V.
431 1915 481 1961 S.
508 1916 637 1960 Rma.
664 1922 711 1959 et
732 1915 870 1958 Ilea
898 1914 1070 1958 humile
1097 1914 1334 1967 servitore,

963 1993 1024 2037 G.
1063 1993 1152 2036 AL.
1190 1993 1342 2037 CARD.
1380 1993 1572 2036 CAM.0»

973 2206 1010 2246 4

572 2316 656 2359 DE
689 2316 783 2359 PP.
820 2315 1032 2359 FABRO
1067 2315 1146 2358 ET
1178 2315 1407 2358 LAINEZ

618 2454 620 2457 «
682 2437 856 2464 PARMAE
882 2435 1247 2465 COMMORANTIBUS
1275 2430 1301 2463 ¹.

253 2532 420 2578 Parma
438 2531 471 2575 li
494 2544 549 2576 22
572 2532 757 2577 Genaro
786 2532 913 2586 1647.

264 2597 266 2599 ¹
521 2611 596 2654 Fr.
637 2608 949 2655 Scholasticus
980 2623 1102 2653 anno
1131 2611 1193 2665 3.⁰
1232 2611 1507 2667 theologiae,
1532 2609 1684 2668 Julius
1706 2608 1816 2654 Gri-

579 2687 734 2740 maldi,
761 2686 835 2731 P.i
867 2686 1047 2731 Danieli
1069 2687 1257 2741 Bartoli,
1282 2688 1325 2731 al
1346 2688 1491 2741 Gesu,
1518 2689 1678 2732 Roma.

249 2767 328 2811 Ho
351 2767 467 2811 tatto
488 2765 598 2824 ogni
619 2765 851 2823 diligenza
872 2765 1088 2822 possibile
1104 2780 1185 2823 per
1206 2767 1348 2811 haver
1370 2764 1638 2823 cognitione
1654 2765 1773 2823 delle
1791 2778 1815 2808 2

158 2842 525 2902 congregationi,
549 2842 656 2888 delli
674 2843 796 2899 quali
813 2844 839 2887 e
861 2842 1087 2888 chiamato
1109 2842 1372 2887 institutore
1394 2843 1442 2886 in
1464 2850 1626 2900 questa
1653 2843 1764 2886 citta
1786 2842 1817 2885 il

231 2969 244 2992 ¹
294 2965 341 3007 In
363 2971 443 3007 vol.
463 2970 643 3007 Fundat.
670 2971 793 3006 Prov.
829 2969 1170 3012 Venetae,—Cozl.
1198 2969 1435 3014 Parmense,
1461 2983 1500 3006 n.
1527 2969 1814 3018 4.—Scriptum

160 3030 250 3078 hoc,
280 3035 322 3067 et
348 3030 427 3067 alia
455 3032 530 3068 sub
560 3043 626 3067 nn.
654 3039 676 3076 5
706 3035 747 3066 et
769 3029 793 3065 6
817 3029 959 3077 posita,
985 3028 1099 3066 nobis
1123 3030 1342 3066 transmisit
1364 3030 1408 3066 P.
1438 3031 1612 3077 Joannes
1638 3030 1815 3077 Baptista

162 3101 241 3130 van
253 3090 405 3129 Meurs.
