2196 3548
362 278 411 315 220
962 271 1197 305 Eiusmss
1207 288 1210 291 ι
1220 267 1390 302 ΜΙΧΤΑΕ

356 369 591 412 senam
608 370 683 412 ‘los
699 370 899 414 Seueres
918 368 1111 420 Priores,
1133 381 1204 410 me
1221 366 1438 409 enbiaron
1453 370 1479 409 ἑ
1496 367 1652 409 llamar
1673 379 1759 410 eon
1779 367 1917 410 deseo
1929 366 1995 410 de

354 446 511 489 hamar
532 445 743 502 conmigo
763 461 825 489 vn
846 453 960 497 rato,
986 460 1016 501 y
1034 446 1097 487 fui
1115 445 1200 487 alla
1216 443 1414 499 despues
1428 443 1489 486 de
1502 456 1670 496 comer3
1689 457 1774 487 eon
1790 444 1859 486 los
1874 454 1989 499 qua-

355 522 700 565 leerazonando
717 523 775 566 de
796 522 998 565 diversas
1026 534 1176 572 cosae,
1207 520 1340 563 modo
1368 519 1702 580 respondiendo
1727 524 1754 564 a
1780 535 1858 564 sus
1883 528 1990 578 pre—

355 604 539 654 gtmtas,
564 598 696 641 modo
718 598 776 642 de
796 601 856 641 mi
879 596 1205 641 interseriendo
1222 596 1414 653 algunas
1429 609 1574 649 cosas,
1599 609 1808 652 pasamos
1821 599 1995 641 macho

357 673 538 731 tiempo;
563 674 761 731 denique
783 689 854 718 me
876 688 1071 731 rogaron
1093 671 1288 729 quisiese
1309 672 1481 727 quedar
1501 676 1528 716 ἐ.
1548 686 1686 727 eenar
1706 686 1792 717 con
1813 675 1939 727 ellos,
1958 687 1994 730 y

354 749 502 793 taliter
523 764 611 806 que
631 752 719 794 vbe
739 751 798 794 de
820 751 1005 806 quedar.

366 840 371 859 =
438 825 615 875 Deinde
635 841 707 870 me
728 827 914 871 dixeron
937 841 1024 882 que
1046 841 1105 882 yo
1126 840 1184 868 no
1206 826 1271 869 les
1291 826 1475 878 dexase,
1500 841 1531 881 y
1547 832 1645 869 esto
1667 841 1840 883 perque
1853 842 1915 885 yn
1931 829 1991 873 ad

351 904 576 946 cautelam
598 904 656 946 he
676 904 962 947 demostrado
978 917 1067 958 que
1083 917 1155 945 me
1177 909 1318 958 tengo
1334 902 1391 945 de
1407 901 1563 958 partit,
1587 917 1620 958 y
1633 915 1725 958 que
1744 902 1783 946 si
1802 904 1848 948 la
1864 905 1988 949 Gon-

353 982 486 1034 pm'iia
506 993 578 1023 me
599 979 785 1023 enbiase
804 984 830 1023 a
851 981 1028 1032 llamar,
1059 993 1147 1035 que
1169 994 1228 1022 no
1256 978 1413 1035 podria
1441 980 1578 1022 hazer
1606 986 1705 1023 otra
1726 991 1853 1035 cosa’3
1872 991 1992 1038 'pero

351 1068 444 1110 que
461 1055 499 1099 si
520 1057 632 1099 ellos
651 1070 723 1100 me
744 1056 988 1100 scribiesen
1015 1070 1103 1111 que
1133 1055 1322 1099 hubiese
1348 1056 1406 1098 de
1427 1062 1568 1108 estar‚
1593 1070 1683 1112 que
1701 1057 1748 1100 10
1773 1057 1901 1101 haria
1915 1059 1989 1103 -de

351 1142 460 1187 may
487 1133 636 1176 buena
671 1133 909 1185 voluntad‚
941 1149 971 1189 y
997 1140 1119 1176 otras
1155 1147 1341 1175 razones
1370 1146 1459 1187 que
1486 1146 1569 1189 por
1595 1133 1826 1177 brebedad
1849 1134 1981 1179 dexo.

349 1208 552 1252 Tandem
574 1210 685 1252 ellos
711 1216 1005 1253 concertaron
1040 1210 1098 1252 de
1134 1208 1371 1252 screbirles
1396 1209 1537 1266 luego
1565 1223 1674 1266 para
1708 1223 1799 1266 que
1824 1211 1984 1255 'fuesen

344 1291 586 1329 contentos
606 1300 696 1341 que
715 1300 775 1342 yo
795 1285 1020 1330 estuviese
1036 1289 1157 1341 aqui:
1181 1300 1212 1341 y
1233 1300 1323 1329 aun
1340 1300 1413 1329 me
1434 1285 1540 1329 dixo
1555 1301 1646 1330 vna
1666 1300 1874 1343 persona,
1893 1300 1986 1344 mae

344 1360 385 1404 si
407 1375 467 1404 no
487 1361 735 1417 quisiesen,
768 1376 857 1418 que
885 1361 1041 1406 harian
1069 1377 1155 1406 con
1182 1363 1223 1406 el
1252 1364 1376 1418 Papa
1403 1377 1492 1418 que
1519 1363 1565 1406 lo
1590 1363 1819 1407 mandase.
1855 1363 1985 1409 Todo

347 1443 446 1480 esto
476 1439 535 1480 ha
565 1437 664 1481 sido
692 1439 841 1482 bueno
868 1453 975 1494 para
1003 1452 1111 1494 que,
1143 1438 1474 1494 creseiendoles
1502 1439 1544 1482 el
1570 1439 1728 1493 deseo,
1759 1453 1810 1484 se
1835 1440 1986 1497 pueda

350 1515 487 1557 hazer
508 1518 604 1557 mes
627 1515 773 1558 fructo
795 1513 824 1558 ¹.

437 1591 480 1634 A
501 1594 562 1634 mi
584 1604 657 1634 me
678 1593 767 1635 han
795 1591 913 1635 dado
940 1607 1028 1635 vna
1054 1596 1232 1635 camara
1259 1593 1491 1648 separada,
1521 1607 1552 1649 y
1579 1593 1733 1647 libms,
1763 1607 1794 1650 y
1819 1593 1986 1650 pariter

416 1763 427 1785 '
450 1772 453 1773 ’
479 1763 665 1810 Epistola,
685 1774 800 1810 quam
818 1763 957 1798 civitas
976 1763 1127 1809 Ignatio
1152 1763 1321 1810 scripsit,
1341 1763 1451 1810 cujus
1476 1765 1676 1813 exemplar
1692 1770 1983 1813 ‘transumptum

339 1821 488 1869 duplici
505 1822 600 1858 folio
617 1822 853 1863 continetur,
873 1828 934 1857 est
950 1823 1183 1868 hujusmodi:

370 1905 373 1925 r
415 1881 537 1916 Multo
555 1881 781 1917 Venerabili
799 1886 839 1916 et
858 1881 990 1916 Nostri
1009 1882 1354 1918 obseruandissimi
1371 1888 1447 1918 etc.
1918 1922 1919 1925 ,

390 1982 394 1988 .
417 1941 491 1976 Per
515 1941 552 1976 la
574 1941 611 1975 d'
635 1942 683 1976 V.
703 1940 802 1976 R,tie
819 1940 869 1976 d’l
896 1946 1049 1987 passato
1073 1941 1121 1976 ad
1145 1942 1219 1977 Noi
1243 1941 1282 1977 in
1306 1947 1497 1989 resposta,
1523 1944 1689 1979 hauemo
1713 1944 1984 1991 cognosciuto,

340 1997 442 2034 oltra
459 1999 496 2035 la
513 1999 636 2035 ferma
654 1999 743 2035 fede
762 2011 811 2035 ne
831 2004 1050 2041 teneuamo,
1069 2006 1214 2048 quanto
1238 2001 1265 2037 li
1283 2002 1340 2037 sia
1358 2002 1406 2037 ad
1429 2002 1535 2037 euor'
1551 2007 1692 2050 questa
1713 2003 1911 2040 comunita
1926 2002 1984 2040 in-

342 2058 487 2093 clinata
505 2059 539 2093 al
559 2070 654 2094 vero
671 2058 833 2094 seruitio
847 2058 897 2094 d'l
913 2059 1054 2105 Signor
1067 2065 1200 2095 nostro
1215 2061 1310 2106 Jesu
1328 2061 1444 2108 Xpo.‚
1460 2066 1502 2097 et
1517 2061 1553 2097 d'
1570 2062 1720 2109 pisi-per
1731 2063 1769 2098 la
1781 2062 1988 2110 experien-

345 2118 400 2153 tia
413 2118 463 2154 de
478 2130 530 2153 vn
544 2119 719 2154 membro
733 2120 816 2154 loro
830 2123 937 2154 tanto
952 2119 1067 2155 auido
1081 2124 1119 2154 et
1135 2121 1287 2156 zelante
1300 2120 1351 2156 d'l
1366 2121 1501 2157 diuino
1514 2122 1663 2164 honor’‚
1678 2123 1752 2159 che
1761 2134 1814 2162 ne
1826 2121 1864 2158 d’
1877 2133 1985 2159 mon-

341 2181 424 2222 stra
448 2189 522 2233 con
547 2178 584 2213 le
607 2189 678 2213 sue
703 2189 821 2225 opere
844 2178 1045 2224 spirituale
1069 2178 1117 2213 ad
1140 2178 1215 2213 Noi
1240 2181 1303 2215 nel
1328 2179 1432 2216 facto
1455 2181 1493 2216 la
1509 2181 1651 2218 dirieta
1671 2180 1735 2217 via
1748 2181 1842 2218 d'lla
1851 2182 1986 2219 salute

344 2241 489 2278 nostra
510 2236 536 2272 il
554 2237 668 2284 quale
688 2248 709 2272 e
727 2231 827 2272 eolla
844 2236 1022 2272 doctrina
1039 2249 1060 2272 e
1079 2238 1250 2284 exempli
1268 2250 1338 2274 sua
1362 2244 1470 2275 tanto
1497 2241 1661 2288 xpiani„
1686 2252 1764 2276 non
1786 2245 1893 2277 resta
1912 2239 1985 2277 far’

343 2295 436 2341 ogni
449 2295 587 2341 giorno
602 2296 766 2342 qualche
781 2297 886 2331 buon
899 2295 1026 2331 fructo
1045 2296 1093 2331 ad
1111 2303 1249 2344 questa
1267 2303 1383 2333 terra
1403 2300 1454 2334 Et
1475 2305 1705 2335 veramente
1721 2311 1764 2336 se
1787 2300 1823 2336 d’
1826 2300 1879 2336 lla
1898 2310 1985 2348 per-

342 2364 437 2390 sona
453 2366 526 2390 sua
546 2355 712 2390 fussimo
725 2355 882 2401 priuati,
898 2357 1165 2401 cognoscerm’
1168 2369 1231 2392 mo
1248 2358 1320 2392 che
1340 2360 1377 2393 lo
1394 2358 1522 2394 ardor’
1536 2359 1562 2395 d
1567 2360 1617 2395 'lli
1634 2360 1768 2407 ammj,
1784 2359 1850 2406 gi&
1862 2359 1985 2396 moni

341 2413 392 2449 in
399 2415 502 2449 bona
524 2419 649 2461 parte,
668 2414 893 2450 facilmente
919 2416 1125 2457 mancaria,
1146 2417 1372 2453 trouandoci
1397 2429 1467 2464 per
1488 2420 1612 2455 anche
1635 2420 1672 2456 al
1695 2418 1898 2466 principio
1894 2419 1984 2456 d’ffi

342 2484 412 2523 sna
425 2472 554 2508 fructi.
575 2474 623 2508 Et
646 2473 796 2520 impero
814 2473 942 2509 inteso
959 2479 1098 2521 questo
1117 2487 1165 2509 ne
1184 2476 1259 2510 han
1273 2483 1451 2524 resposto
1470 2479 1527 2513 lor
1541 2478 1691 2527 Rensie
1709 2478 1798 2514 Non
1810 2479 1981 2514 hauemo

341 2533 519 2567 m'anc‘ato
538 2543 612 2568 eon
630 2533 760 2580 quella
784 2533 989 2578 diligentia
1014 2535 1065 2569 tal
1090 2546 1180 2570 caso
1204 2535 1363 2578 rieerca,
1390 2537 1541 2583 pigliar'
1560 2539 1690 2585 quella
1706 2538 1771 2574 via
1794 2529 1983 2574 monsba-

343 2591 432 2632 taci,
464 2591 643 2627 hauendo
673 2597 812 2639 questa
841 2592 1037 2628 comunite
1066 2593 1146 2629 d'lli
1176 2606 1246 2629 sua
1268 2596 1414 2631 homini
1444 2609 1602 2644 apresso
1628 2597 1708 2633 Sua
1727 2597 1982 2634 Beauhdine

342 2651 462 2692 molto
471 2651 644 2697 Aaccepti,
663 2650 757 2686 dani
773 2650 879 2698 quali
896 2656 936 2686 et
953 2662 1021 2697 per
1045 2652 1102 2686 lor
1126 2665 1236 2688 mezo
1260 2666 1309 2689 ne
1333 2656 1527 2702 speriamo
1544 2657 1638 2703 ogni
1661 2661 1796 2701 nostro
1813 2657 1923 2704 justo
1941 2661 1982 2692 et

339 2709 490 2744 d'seato
509 2709 655 2756 apetito
686 2709 909 2756 adempirsi.
930 2711 1073 2756 Quelle
1105 2711 1261 2747 interim
1287 2713 1319 2748 si
1347 2713 1597 2760 degnaranno
1614 2716 1764 2763 pregar'
1790 2716 1815 2752 il
1839 2715 1983 2762 Signor

342 2773 474 2803 nostro
493 2769 532 2804 in
551 2770 587 2804 le
605 2769 748 2804 deuote
767 2774 808 2804 et
825 2781 962 2816 spesse
980 2770 1154 2805 oratione
1185 2772 1279 2813 loro,
1312 2773 1384 2808 che
1403 2775 1525 2810 siamo
1543 2775 1650 2821 d‘gni
1667 2775 1706 2811 d’
1723 2776 1775 2811 tal
1792 2775 1940 2822 gratia,
1959 2787 1982 2811 e

340 2827 378 2862 d'
397 2828 528 2863 hauer‘
553 2827 601 2863 ad
624 2829 864 2874 perseuerar'
889 2828 929 2863 in
943 2829 989 2863 -le
1011 2829 1243 2865 eomineiate
1267 2831 1371 2866 bone
1389 2844 1520 2880 opere,
1541 2845 1652 2870 come
1671 2835 1876 2870 viceversa
1892 2835 1983 2870 ne'o

340 2886 520 2921 offerimo
539 2887 871 2922 vniuersalmente
889 2898 957 2933 per
981 2888 1075 2929 lom,
1102 2888 1169 2923 alli<
1191 2890 1295 2935 quali
1320 2897 1465 2937 quanto
1489 2904 1672 2939 possemo
1690 2905 1743 2929 ne
1762 2904 1982 2929 raccoman-

333 2945 484 2980 diamo:
506 2950 545 2980 et
563 2946 663 2980 bene
682 2947 852 2989 valeant.

366 3022 369 3026 <
412 3004 472 3039 Ex
490 3004 651 3040 aedibus
671 3004 878 3040 nostriset
890 3005 1007 3040 solita
1019 3005 1479 3051 Residentia-Politianis,
1495 3011 1558 3046 die
1573 3021 1674 3046 xxvi
1687 3011 1858 3058 Augusti
1874 3009 1978 3056 1539.

414 3063 462 3098 D·
482 3063 530 3098 V.
550 3063 648 3098 R.tie
665 3062 799 3099 deuoti
818 3063 941 3099 Priori
960 3070 999 3100 et
1018 3064 1296 3101 Gonfaloniere
1314 3067 1376 3103 del
1396 3071 1536 3115 popolo
1553 3070 1604 3105 de
1616 3070 1749 3106 Monte
1766 3070 1979 3106 policiano.
