2196 3548
947 224 1026 260 AN.
1058 225 1149 271 1548
1803 232 1881 279 535.

987 360 1106 404 163

759 448 1060 487 EMMANUEL
1079 450 1332 491 GODINHO

522 532 712 577 PATRI
742 533 1036 579 MARTINO
1068 536 1152 579 DE
1184 537 1566 584 SANTACRUZ

703 629 967 659 coxmmucstx
1004 632 1048 659 10
1080 633 1188 668 JUNn
1225 625 1316 671 1548
1353 629 1379 662 ¹.

214 705 279 743 De
301 705 475 753 negotiis
500 704 1011 743 conimbricensibus.—De
1035 706 1146 744 obitu
1170 708 1375 756 cujusdam
1399 711 1555 747 externi
1574 712 1765 759 magistri,
1792 715 1871 751 An-

653 753 772 790 dreae
789 752 1077 791 nomine.-—De
1095 757 1437 803 Fratre-Antonio.

1032 826 1056 862 †

976 865 1111 923 jhus.

307 941 406 986 Pax
426 938 532 998 Xpi.

304 1016 584 1063 Charissime
610 1019 763 1063 Pater.
796 1019 1081 1064 Escrevanos
1109 1019 1192 1079 [se]
1220 1035 1271 1065 se
1298 1029 1550 1066 concertou
1579 1023 1692 1068 mais
1714 1038 1815 1068 com
1844 1040 1872 1069 o

211 1092 404 1154 Vigario
425 1095 484 1140 de
505 1095 598 1141 Sa&
620 1095 846 1149 Mamede‚
871 1110 962 1153 que
989 1097 1061 1141 laa
1088 1097 1195 1142 vive
1221 1112 1323 1142 eom
1351 1114 1452 1144 esse
1480 1100 1688 1145 Cardeal.
1717 1102 1760 1146 O
1783 1101 1871 1147 Sass

211 1171 391 1218 bastian
411 1173 613 1218 Aluarez
633 1187 824 1229 nunqua
844 1173 959 1218 mais
980 1189 1068 1218 veo
1090 1174 1257 1220 buscar
1279 1190 1307 1220 0
1329 1190 1410 1220 seu
1439 1176 1648 1222 dinheiro
1675 1180 1735 1223 do
1757 1194 1871 1224 con-

210 1257 355 1296 certo:
379 1265 486 1296 nam
507 1265 589 1308 sey
608 1267 636 1296 a
657 1265 810 1296 causa.
837 1251 998 1309 Agora
1019 1254 1159 1297 tenho
1187 1253 1381 1298 madado
1408 1256 1501 1299 hua
1529 1255 1735 1301 citatoria
1762 1272 1871 1314 pera

210 1333 468 1374 tornarmos
487 1343 545 1373 ao
567 1328 692 1383 seito,
717 1333 858 1374 sena&
880 1329 1035 1386 quiser
1056 1337 1178 1375 estar
1194 1331 1299 1388 polo
1314 1339 1531 1376 concerto
1553 1333 1636 1377 dos
1659 1335 1742 1379 VII
1762 1350 1870 1380 eru-

210 1405 350 1451 mdos
376 1414 468 1463 que
495 1406 624 1451 tinha
651 1406 763 1452 seito
790 1421 879 1452 con
906 1421 934 1451 o
963 1406 1101 1452 Priol.
1136 1408 1252 1465 Veja
1279 1410 1337 1454 V.
1369 1411 1424 1454 R,
1462 1424 1513 1454 se
1540 1411 1599 1455 de
1629 1411 1701 1456 laa
1729 1413 1870 1469 poder

209 1483 400 1529 mandat
420 1484 612 1542 alguum
633 1491 767 1529 outro
788 1485 989 1530 remedio
1010 1500 1118 1543 pera
1138 1493 1236 1531 este
1257 1487 1467 1544 negocio.

297 1563 469 1608 Μῶα-ε
490 1562 666 1616 Andre,
689 1577 781 1619 que
805 1576 895 1607 veo
920 1563 979 1608 de
1007 1564 1226 1618 Bordeos,
1257 1564 1440 1622 despois
1467 1566 1525 1611 de
1555 1573 1625 1611 ter
1650 1569 1869 1613 asentado

204 1652 291 1684 seu
311 1639 507 1698 collegio
527 1640 589 1684 de
606 1639 733 1685 latim
755 1651 782 1685 e
802 1647 940 1696 artes,
966 1642 1114 1686 aonde
1135 1656 1188 1686 os
1209 1641 1377 1686 irma6s
1397 1649 1486 1688 va6
1503 1644 1652 1699 ouvir,
1672 1659 1698 1689 e
1714 1652 1862 1690 estan-

205 1717 271 1762 do
287 1730 399 1775 pera
418 1731 628 1775 comeear
648 1733 676 1763 a
701 1719 815 1763 obra
835 1733 862 1763 e
882 1718 1072 1764 edeficio
1093 1719 1154 1764 do
1181 1734 1264 1764 seu
1291 1720 1487 1779 collegio
1514 1735 1617 1766 com
1644 1723 1868 1768 duzentos

207 1793 288 1839 mil
306 1793 399 1840 reis
417 1794 493 1840 del
513 1796 614 1853 Rey
634 1796 749 1841 cada
769 1810 866 1840 mes
888 1811 998 1854 para
1018 1812 1046 1841 a
1073 1798 1200 1851 obra,
1232 1803 1387 1842 ontem
1415 1800 1586 1844 sabado
1615 1800 1786 1845 faleceo
1811 1799 1869 1845 d'e

204 1870 367 1926 eolica,
390 1886 418 1917 e
434 1887 535 1918 sem
555 1874 780 1927 confica6‚
805 1888 963 1931 porem
990 1874 1077 1918 elle
1104 1875 1354 1932 confeeado
1382 1876 1585 1931 andaria,
1617 1876 1717 1934 pois
1738 1877 1867 1922 dezia

293 2029 414 2086 Frey
434 2027 642 2076 Antonio
663 2029 783 2074 anda
804 2044 946 2088 agora
967 2045 1074 2087 qua3
1101 2030 1173 2075 faz
1195 2037 1289 2075 tres
1309 2045 1432 2076 casa:
1457 2034 1551 2077 hua
1578 2047 1663 2077 sua
1690 2032 1812 2089 aqui,
1838 2047 1865 2078 e

196 2111 338 2150 outra
357 2121 430 2151 em
452 2106 688 2160 Condexa,
719 2121 746 2151 e
772 2108 837 2151 hu
865 2107 1044 2166 colegio
1071 2122 1180 2166 pera
1207 2123 1260 2152 os
1290 2109 1566 2165 Bernardos,
1600 2117 1650 2154 ut
1676 2109 1858 2155 dicitur.

205 2182 343 2228 Anda
358 2197 505 2242 agora
524 2183 754 2229 visitando
776 2186 908 2230 todas
929 2199 1133 2240 ascasas
1153 2185 1211 2230 de
1240 2187 1331 2232 Sao
1361 2187 1611 2243 Bernardo,
1643 2202 1695 2232 os
1722 2202 1864 2244 quaes

197 2274 391 2319 querem
421 2261 658 2316 reformat,
693 2276 720 2306 e
756 2277 836 2320 per
871 2261 941 2307 iso
976 2263 1094 2320 pode
1125 2263 1383 2309 desconfiar
1420 2265 1478 2309 de
1510 2264 1654 2319 Cena,
1688 2279 1863 2322 porque

191 2353 338 2397 ,poem
358 2339 463 2384 nela
484 2339 648 2384 stades.
674 2341 801 2384 Noso
822 2341 1002 2386 Senhor
1022 2355 1107 2385 nos
1133 2341 1330 2386 reforme
1351 2357 1378 2387 a
1408 2343 1540 2387 todos
1567 2344 1625 2387 de
1652 2343 1815 2387 dentro
1837 2357 1864 2387 e

197 2416 263 2462 de
282 2418 382 2463 fora
401 2418 438 2462 ’.

290 2495 365 2541 De
384 2494 602 2540 Coimbra
622 2495 695 2552 oje
713 2495 936 2554 domingo
957 2497 1002 2541 X
1023 2497 1081 2540 de
1096 2498 1267 2556 Junho.

996 2573 1157 2620 Frater
1177 2573 1226 2619 in
1246 2575 1462 2630 Domino,

1334 2654 1615 2698 Guomuus.

222 2765 238 2771 ⁷·
272 2753 286 2776 ¹
334 2752 400 2791 Ex·
411 2753 658 2800 autographo
674 2751 716 2789 in
734 2753 814 2788 vol.
834 2752 885 2795 A,
906 2751 1023 2788 unico
1040 2752 1150 2799 folio,
1169 2765 1210 2790 n.
1229 2752 1290 2800 73,
1310 2755 1419 2803 prius
1438 2753 1521 2800 523.

267 2813 283 2835 ¹
332 2812 395 2848 De
412 2811 474 2849 his
491 2811 533 2849 in
549 2812 719 2861 epistota
735 2812 905 2861 quadam
921 2812 1098 2849 doctoris
1117 2813 1303 2859 Alarcou,
1323 2815 1602 2852 Conimbricae
1620 2814 1698 2851 illis
1715 2814 1858 2851 diebus

195 2870 359 2920 scripta,
382 2872 481 2909 haee
502 2872 704 2920 leguntur:
730 2872 832 2908 «Los
855 2872 1042 2919 Colegios
1071 2884 1151 2910 van
1173 2873 1271 2910 cada
1292 2874 1358 2911 dia
1381 2877 1478 2911 mas.
1503 2875 1675 2911 Maestre
1701 2874 1857 2910 Andres

191 2931 334 2981 quiere
351 2937 478 2969 tomar
495 2933 532 2970 el
550 2933 697 2970 mundo
714 2945 808 2981 para
821 2934 857 2970 el
876 2945 991 2981 suyo.
1010 2933 1114 2981 Fray
1132 2933 1308 2971 Antonio
1324 2935 1375 2972 de
1393 2935 1538 2971 Tomar
1555 2934 1618 2971 faz
1637 2940 1722 2971 otro
1736 2937 1758 2971 a
1776 2933 1857 2970 San

198 2992 362 3035 uzaro,
379 2995 411 3029 4ό
433 2992 571 3042 quiere
593 3005 777 3042 empezar
798 3005 874 3030 eon
895 2993 1067 3030 anexion
1089 2993 1140 3030 de
1165 2993 1232 3031 mil
1251 2995 1586 3032 monasterios...»
1610 2994 1714 3031 Vide
1738 2994 1863 3038 infra,

198 3050 319 3100 epist.
341 3051 423 3099 165.
1821 3066 1824 3070 ¹
