2196 3548
385 21 404 34 ””
435 9 510 51 ‘759³'
542 10 572 46 Ὶν
588 7 635 36 vvvvvv

938 225 1142 277 AN·1544
1794 239 1862 279 175

144 324 302 390 με,
324 329 419 385 que'
434 329 712 384 pasariamos
732 326 790 371 de
811 326 980 382 ciento,
1003 342 1034 384 y
1050 327 1108 370 de
1123 341 1232 383 muy
1249 327 1424 371 buenas
1440 335 1608 385 partes;
1627 345 1658 387 y
1673 331 1711 374 si
1729 333 1859 388 tales,

133 403 375 469 ’ἵξῃιιεῙοε
393 403 452 448 de
473 403 562 448 alla
580 402 763 458 vienen,
786 407 885 447 mas
905 403 964 448 de
984 403 1236 448 docientos.

167 533 188 555 .
305 481 397 527 Las
415 480 555 526 letras
575 480 634 525 de
649 479 827 525 cambio
847 480 906 525 de
929 479 1160 538 Angeloss
1179 481 1255 525 del
1269 480 1428 525 dinero
1445 495 1534 538 que
1550 486 1656 539 aqui
1673 498 1722 528 se
1739 490 1862 530 tomo

155 566 328 625 *ξρετε
346 557 406 622 el,
429 573 521 602 avn
541 572 603 602 no
623 573 682 603 an
703 557 887 603 venido:
913 561 1152 615 pareceme
1180 572 1271 616 que
1297 572 1357 602 en
1376 573 1468 602 vna
1495 559 1552 603 de
1581 561 1714 604 Mtre.
1747 562 1862 607 Hie-

153 633 431 721 ιόςιιιιιο
449 634 585 680 venia
605 649 696 693 que
722 635 790 679 las
815 634 1061 679 imbiavan.
1093 634 1261 679 Mande
1289 635 1348 679 V.
1381 636 1436 679 R.
1469 650 1559 692 que
1585 636 1652 680 las
1679 636 1862 684 imbiem

150 717 300 789 W
309 712 404 759 dos
427 712 512 758 dos
533 716 562 757 ό
582 719 676 758 tres
696 719 866 770 partes,
890 726 1066 770 porque
1086 726 1239 770 venga
1260 711 1448 770 alguna.

143 806 172 846 χι,
188 799 189 802 ’
174 769 275 874 {J
303 789 350 837 A
376 790 509 836 todos
534 790 604 835 los
633 790 806 835 Padres
831 789 1038 848 pedimos
1065 790 1265 834 muncho
1292 804 1366 833 ser
1402 791 1768 837 encomendados
1804 809 1862 838 en

147 857 403 956 mtto
423 868 587 929 Senot,
611 868 655 914 el
675 867 784 926 qual
803 882 882 913 sea
903 866 1098 926 siempre
1125 881 1184 912 en
1211 874 1400 911 nuestro
1427 866 1646 912 continuo
1676 870 1805 915 fauor
1831 888 1862 930 y

158 924 372 1004 mucia

139 1035 142 1038 ’
274 1022 413 1070 Alia
431 1037 592 1068 manu:
617 1022 703 1069 «Di
721 1022 934 1068 Lisbona.
946 1041 964 1064 »

160 1139 201 1165 12-
282 1100 350 1154 Α
369 1100 508 1159 Rojas
529 1115 580 1146 se
600 1101 739 1146 imbia
760 1115 847 1146 con
869 1103 1003 1146 Mtre.
1030 1100 1180 1146 Miron
1200 1114 1283 1158 por
1303 1100 1437 1145 darse
1463 1105 1561 1145 mas
1587 1102 1631 1145 al
1651 1102 1784 1146 oficio
1805 1103 1864 1147 de

160 1164 379 1234 stuarta
401 1178 446 1224 el
466 1179 522 1224 P.
547 1178 696 1224 Miron
718 1179 826 1224 todo
846 1180 1006 1224 Maria.

255 1240 360 1306 .Ε1
386 1257 442 1303 Ρ.
470 1258 607 1306 Mtre.
639 1256 799 1303 Simon
825 1255 1018 1302 escrivio
1045 1259 1072 1300 έι
1098 1257 1157 1302 V.
1198 1257 1254 1300 R.
1293 1256 1430 1300 sobre
1465 1256 1509 1300 el
1545 1257 1780 1302 Hermano
1806 1258 1866 1303 de

167 1322 201 1342 ¹
245 1337 349 1396 tte.
378 1334 666 1382 Salmeron‘.
696 1333 812 1380 Dice
838 1349 929 1392 que
955 1333 995 1379 si
1023 1348 1084 1379 no
1109 1348 1161 1378 es
1182 1333 1226 1378 el
1246 1333 1371 1378 buen
1391 1339 1605 1390 maestro,
1630 1348 1720 1392 que
1741 1349 1802 1380 no
1821 1336 1866 1381 le

170 1401 366 1473 me

171 1524 175 1531 .
185 1496 209 1550 33
416 1475 419 1478 ¹
692 1491 823 1535 Tuus
843 1488 892 1534 in
913 1490 1034 1548 Xpo.
1059 1488 1182 1533 filius
1204 1494 1252 1533 et
1272 1502 1453 1543 seruus,

176 1555 179 1558 “
1351 1566 1588 1612 SANCTA'
1570 1584 1616 1626 γ.

155 1671 223 1722 3
262 1622 654 1703 δαρονεονίρίίος
674 1646 798 1690 Ihus.
826 1646 944 1690 Para
967 1646 1031 1690 M.
1057 1642 1238 1703 Ignatio
1258 1643 1372 1688 solo.

175 1785 199 1796 ..
207 1702 356 1799 ..ἵξῃ-Α
369 1725 516 1782 tergo.-
534 1722 762 1783 DeJunio
789 1733 917 1780 1544.

156 1603 162 1614 ,,
178 1591 255 1636 fi*

998 1867 1082 1909 5²

820 1924 1061 2005 JACOBUS
1087 1936 1270 1995 MIRON'

209 2110 216 2118 ι
551 2042 763 2088 PATRI
794 2041 1094 2087 IGNATIO
1125 2041 1216 2085 DE
1246 2039 1538 2085 LOYOLA

351 2173 356 2178 .
713 2145 931 2174 vanu-rm
955 2145 979 2183 4
1004 2143 1192 2173 AUGthn
1219 2143 1312 2182 1544
1329 2136 1359 2171 ⁴.

190 2247 215 2274 i.
252 2210 258 2215 .
328 2196 584 2268 valentiam
599 2227 713 2264 venit
728 2238 819 2264 cum
837 2226 956 2264 sociis
972 2225 1107 2274 Rojas,
1127 2226 1279 2273 Jacobo
1296 2229 1338 2262 et
1354 2225 1499 2270 Munis,
1518 2223 1699 2275 Collegio
1711 2224 1867 2262 initium

224 2274 462 2319 &turus
465 2275 585 2313 —Pia
611 2275 787 2312 civitatis
814 2274 937 2312 facies
966 2279 1008 2310 et
1030 2285 1140 2311 amor
1161 2274 1204 2310 in
1231 2273 1486 2310 Societatem.
1494 2273 1611 2309 —De
1634 2278 1798 2320 parente
1820 2284 1867 2310 ac

425 2335 473 2363 us
489 2324 535 2361 P.
549 2324 794 2365 Domenech.
797 2344 846 2350 —
912 2327 972 2359 tat
983 2322 1110 2359 Miron
1127 2321 1298 2358 habere'
1287 2333 1328 2358 m
1341 2321 1500 2370 scriptis
1513 2319 1722 2358 facultates
1735 2325 1777 2357 et
1789 2321 1867 2369 pri-

225 2349 432 2428 fflegn
446 2371 672 2410 Societatis.
676 2373 787 2408 —De
803 2376 868 2409 stu
899 2371 946 2408 is
962 2370 1046 2407 suis
1063 2375 1106 2407 et
1121 2370 1318 2407 sociorum
1334 2368 1634 2418 prosequendis.

440 2497 445 2502 „
502 2487 511 2495 ·
985 2487 1087 2546 jhs.

262 2576 376 2627 La
386 2576 545 2639 gracia
558 2592 591 2636 y
606 2592 691 2636 paz
706 2576 766 2622 de
774 2577 910 2636 Jhus.
930 2589 1009 2621 sea
1023 2560 1221 2633 siempre
1236 2589 1295 2620 en
1310 2579 1500 2619 nuestro
1518 2573 1650 2617 fauor
1663 2586 1694 2629 y
1710 2570 1864 2617 aiuda.

214 2624 296 2714 ᾗὲὲ*
282 2650 590 2722 charissimo
611 2654 761 2700 Padre
780 2653 873 2699 mio
894 2667 954 2698 en
974 2654 1095 2711 Xpo.
1120 2658 1310 2698 nuestro
1332 2652 1496 2698 Senor.

191 2772 278 2812 μς
270 2755 334 2791 'vl
331 2757 546 2808 ..Angelus
548 2756 738 2801 paradisi,
756 2756 826 2806 qui
842 2756 884 2794 in
900 2755 1056 2793 Italiam
1071 2754 1280 2792 remeavit.

157 2829 158 2832 ’
242 2815 308 2879 Ass*
332 2816 619 2867 Hieronymus
634 2818 879 2860 Domenech,
897 2827 978 2866 quo
993 2815 1173 2864 Ignatius
1189 2815 1265 2852 hoc
1282 2818 1459 2862 tempore
1477 2812 1519 2849 in
1541 2809 1762 2850 scribendis
1785 2810 1852 2860 epi

202 2955 264 2991 ,-
246 2896 326 2978 5*
249 2876 758 2982 fflsfflmeron,
774 2935 968 2986 Alphonsi
980 2935 1103 2973 frater
1115 2939 1211 2972 natu
1223 2933 1364 2978 minor,
1380 2932 1430 2970 de
1447 2944 1525 2981 quo
1538 2930 1653 2974 infra,
1672 2929 1789 2979 epist.
1804 2929 1866 2976 65,

180 3047 273 3106 ff?
290 3061 311 3085 5
288 3001 706 3108 εΕκωιειιιιιξῑέςιιιῖιίιε.»
694 3069 735 3095 ιιι
743 3057 832 3095 vol.
854 3056 904 3100 A,
923 3055 1069 3104 triplici
1085 3054 1195 3099 folio,
1213 3065 1254 3092 ιι.
1273 3052 1334 3098 83,
1353 3054 1461 3102 prius
1482 3060 1565 3099 125·
1570 3059 1651 3098 127.
