2196 3548
366 236 438 272 366
974 239 1210 273 EplsTOLAE
1238 238 1405 272 Mxx‘rAE

363 339 523 383 D,num
539 339 761 395 Joannem
780 338 1057 382 Cochlaeum
1078 339 1087 359 ¹
1108 339 1342 381 doctorem
1362 338 1644 394 theologum,
1664 340 2001 393 praeceptorem

362 415 595 470 quondam
623 429 773 459 meum
801 414 983 458 minime
1012 414 1351 471 poenitendum,
1384 415 1515 471 plane
1542 413 1789 470 synceriter
1815 413 2001 468 sineque

363 491 480 534 scitu
503 498 548 535 et
570 498 684 535 nutu
701 506 803 535 meo
820 491 1076 548 nuperrime
1093 490 1324 547 scripsisse
1340 492 1496 534 fertur.
1519 491 1662 543 Haec,
1681 489 1881 545 inquam,
1901 503 2000 534 mea

364 568 500 623 paulo
522 567 778 611 diuturnior
799 567 1001 612 absentia
1023 566 1108 611 fuit
1129 567 1175 610 in
1193 568 1340 623 culpa,
1361 567 1484 623 quod
1501 566 1718 623 tantisper
1732 579 1999 622 responsum

362 643 628 688 distulerim.

500 720 629 764 einde
645 735 826 776 quoque
846 720 933 763 mei
955 720 1248 763 diuturnioris
1270 719 1435 763 silentii
1457 735 1594 763 causa
1617 719 1702 763 fuit
1728 717 2001 762 incertitudo

362 797 726 840 commorationis
749 804 793 840 et
820 796 1088 841 residentiae
1126 796 1415 840 Paternitatis
1452 799 1657 849 Vestrae,
1698 810 1813 852 quae
1841 809 1997 851 quum,

363 873 497 916 sicuti
518 887 654 917 verus
677 874 924 930 Apostolus
948 875 1012 931 (et
1034 873 1214 928 quidem
1243 888 1335 916 non
1362 874 1535 929 absque
1560 887 1727 930 magno
1755 871 2000 916 catholico-

364 964 465 992 rum
482 949 664 1007 fructu),
685 965 777 993 non
798 949 844 992 in
873 965 964 993 uno
991 964 1167 1006 semper
1194 949 1252 993 sit
1267 950 1395 1003 ,loco,
1427 950 1506 993 sed
1534 950 1591 993 de
1617 948 1818 993 ecclesiis
1846 949 1903 991 ad
1924 961 2001 991 ec-

363 1025 538 1079 clesias,
565 1033 777 1082 tanquam
801 1028 875 1070 uel
903 1028 1072 1070 Paulus
1099 1027 1171 1069 vel
1199 1027 1330 1082 Sylas
1358 1027 1485 1079 alter,
1517 1025 1847 1082 peregrinatur;
1877 1024 2000 1068 haud

360 1116 472 1145 sane
499 1102 607 1146 satis
630 1103 843 1160 sciebam,
876 1118 965 1159 quo
994 1118 1119 1148 meae
1147 1104 1204 1146 ad
1231 1103 1377 1160 ipsum
1405 1103 1562 1164 literae
1587 1110 1712 1146 certo
1739 1100 1872 1158 dirigi
1894 1115 2000 1158 pos-
2058 1099 2062 1102 ⁴

362 1186 480 1222 sent.
1041 1169 1043 1171 ’
1434 1229 1438 1232 ,

450 1257 500 1299 In
538 1263 663 1300 tanta
690 1272 812 1301 nunc
839 1257 1100 1313 praesertim
1138 1257 1393 1301 mortalium
1422 1257 1622 1314 perfidia,
1655 1271 1744 1312 qua
1775 1268 1998 1312 nusquam

361 1331 467 1375 fidei
488 1333 615 1376 locus
632 1340 716 1387 est,
742 1335 965 1378 accedunt
986 1334 1170 1390 insuper
1192 1341 1258 1378 tot
1280 1341 1464 1390 tamque
1479 1348 1645 1391 graues
1662 1347 1814 1386 curae,
1834 1330 2001 1376 sollici-

362 1409 557 1463 tudines,
582 1410 828 1464 molestiae,
860 1411 1080 1465 miseriae,
1112 1410 1404 1464 calamitates,
1438 1410 1766 1463 tribulationes,
1797 1407 2001 1453 aduersi-

363 1493 493 1539 tates,
525 1486 717 1543 inopiae,
757 1488 1109 1543 persecutiones,
1149 1488 1441 1544 infinitaeque
1468 1489 1649 1531 demum
1679 1493 1769 1530 tam
1797 1485 2001 1542 priuatae

362 1578 496 1619 quam
518 1564 725 1620 publicae
751 1564 1085 1621 occupationes,
1118 1579 1230 1620 quas
1252 1579 1356 1622 ego,
1383 1572 1497 1609 teste
1523 1567 1638 1616 Deo,
1663 1563 1741 1607 diu
1770 1569 2000 1621 noctuque

361 1639 459 1683 sine
480 1639 810 1684 intermissione
832 1648 1013 1697 propter
1028 1649 1359 1684 sacrosanctam
1377 1648 1576 1684 nostram
1593 1642 1728 1684 fidem
1751 1646 1797 1683 et
1813 1637 1998 1695 religio-

307 1720 309 1722 ’
358 1730 480 1768 nem,
501 1722 772 1772 propterque
788 1717 1123 1773 pauperrimum
1141 1732 1292 1761 meum
1307 1717 1692 1774 Episcopatulum,
1710 1731 1813 1759 aere
1826 1715 1997 1772 pridem

360 1792 508 1835 alieno
530 1807 673 1848 Vsque
694 1794 751 1836 ad
785 1793 1137 1837 internecionem
1166 1801 1423 1850 grauatum,
1458 1800 1584 1837 tanta
1599 1793 1875 1836 difficultate
1899 1793 1994 1836 suf-

363 1869 478 1926 fero,
499 1875 549 1911 ut
577 1869 690 1912 adeo
717 1877 895 1913 mortuo
924 1885 1058 1926 quam
1092 1870 1264 1914 viuenti
1300 1870 1454 1914 videar
1476 1870 1676 1924 similior;
1709 1876 1759 1912 ut
1785 1870 1844 1912 ob
1865 1867 1997 1913 vitrei

359 1946 495 2001 hujus
517 1952 562 1988 et
583 1946 839 2002 corpusculi
861 1954 906 1990 et
927 1947 1063 1989 animi
1086 1947 1391 2003 fragilitatem,
1417 1947 1694 1991 debilitatem
1722 1953 1767 1989 et
1795 1945 1996 2002 aegritu·

357 2022 509 2066 dinem
531 2024 588 2067 de
609 2023 882 2080 resignando
904 2025 1107 2079 praefato
1129 2037 1229 2083 meo
1247 2023 1564 2080 Episcopatulo
1582 2024 1714 2079 plane
1729 2022 1885 2079 cogito
1900 2036 1997 2066 men

358 2099 582 2155 ditorque,
607 2099 694 2143 nisi
722 2099 831 2142 mihi
859 2100 1204 2156 paupertatique
1240 2108 1285 2144 et
1322 2099 1604 2143 tribulationi
1635 2113 1762 2143 meae
1782 2113 1863 2157 per
1889 2113 1998 2142 san—

358 2176 609 2219 ctissimum
631 2178 787 2220 D.num
810 2184 1013 2219 nostrum
1039 2178 1230 2220 Paulum
1249 2179 1307 2220 III
1325 2180 1458 2221 Pont.
1481 2179 1601 2221 Max.
1622 2177 1756 2234 paulo
1777 2175 1996 2219 maturius

359 2267 627 2296 succursum
660 2253 810 2297 fuerit:
835 2254 971 2309 -apud
1006 2254 1138 2309 cujus
1169 2253 1465 2298 Sanctitatem
1497 2253 1605 2297 R.da
1644 2256 1696 2296 P.
1738 2254 1795 2296 V.
1836 2251 1996 2296 merito

361 2336 512 2372 tantae
534 2336 602 2373 est
624 2329 908 2372 authoritatis
931 2337 976 2373 et
998 2330 1186 2387 gratiae,
1213 2338 1263 2374 ut
1283 2330 1381 2387 ipsa
1409 2329 1517 2373 mihi
1545 2331 1665 2386 apud
1687 2329 1891 2373 eamdem
1913 2329 1994 2372 ad-

360 2414 522 2449 uocata
544 2421 644 2450 esse
666 2406 806 2463 possit
828 2414 873 2450 et
895 2414 1082 2463 patrona
1109 2409 1284 2461 efficax,
1316 2423 1408 2451 non
1436 2407 1586 2450 minus
1607 2421 1740 2450 suurn
1769 2412 1815 2449 et
1843 2419 1993 2449 meum

358 2483 619 2538 Christique
635 2486 745 2541 Jesu
767 2490 812 2527 et
834 2484 970 2539 hujus
992 2484 1221 2528 Ecclesiae
1241 2485 1491 2528 catholicae
1512 2483 1748 2541 negotium
1771 2497 1874 2526 cum
1897 2497 1994 2526 ma-

358 2574 451 2616 gna
472 2575 555 2603 sua
575 2561 710 2604 laude
730 2567 776 2604 et
797 2562 917 2617 apud
939 2563 1087 2604 Deum
1112 2564 1231 2606 Max,
1258 2561 1477 2618 singulari
1499 2561 1706 2605 mercede
1723 2559 1861 2604 dubio
1886 2573 1995 2616 vpro-

358 2637 435 2679 cul
457 2643 630 2680 actura.
1213 2634 1217 2639 ’

448 2715 519 2756 De
540 2713 826 2757 serenissimo
854 2720 899 2756 et
936 2714 1284 2758 clementissimo
1314 2717 1441 2771 Rege
1467 2721 1621 2757 nostro
1643 2715 1948 2758 Romanorum
1977 2714 1992 2734 ²

434 2909 445 2930 ¹
496 2910 738 2954 POLAthJs,
757 2910 784 2944 l.
800 2922 848 2952 c.,
869 2915 896 2945 t.
917 2919 943 2954 1,
964 2922 1052 2957 pag.
1072 2910 1132 2956 93,
1152 2923 1191 2946 n.
1212 2920 1271 2957 29.

430 2970 445 2989 ²
495 2968 776 3013 Ferdinandus,
795 2968 844 3004 de
862 2981 937 3016 quo
956 2981 1072 3016 saepe
1090 2970 1133 3006 fit
1152 2982 1279 3006 sermo
1297 2970 1337 3006 in
1359 2969 1505 3006 Cartas
1517 2971 1565 3006 de
1587 2971 1669 3006 San
1692 2971 1874 3018 Ignacio,
1894 2975 1935 3016 et
1951 2971 1992 3006 in

359 3027 548 3063 POLANCI
569 3027 776 3064 Chronico.
