2196 3548
878 259 957 294 ΑΝ.
989 259 1078 304 1548
1731 275 1803 311 499

150 361 240 406 che
259 375 353 405 non
373 359 568 418 bisogna
591 359 704 404 tanti
726 358 920 416 digiuni,
941 367 987 403 et
1010 366 1135 404 tante
1157 361 1365 414 orationi,
1386 376 1444 406 ne
1462 370 1588 407 tanto
1605 369 1799 420 operar',

152 439 327 496 perche
343 439 464 496 Xpo.
489 439 550 482 ha
569 451 728 495 sparso
749 436 781 480 il
801 451 980 494 sangue
1001 445 1047 481 et
1068 445 1237 494 pagato
1253 453 1334 495 per
1350 439 1442 492 noi,
1463 447 1509 483 et
1524 440 1670 484 simile
1691 443 1804 486 altre

153 515 447 574 poltronerie‚
472 529 560 559 con
587 515 631 559 le
658 515 794 571 quale
814 528 967 558 vanno
994 513 1290 571 ingannando
1312 517 1354 559 le
1376 531 1544 572 povere
1560 509 1732 572 ‘anime3
1759 528 1805 563 et

151 607 208 639 se
225 606 321 638 non
341 591 388 637 ui
408 592 448 637 si
468 592 674 647 rimedia,
699 592 785 636 erit
807 607 933 636 error
952 592 1080 649 pejor
1101 592 1252 649 priore
1277 594 1306 637 ¹.

243 671 480 728 Appresso
501 671 559 715 V.
586 671 641 714 R.
666 684 718 714 se
739 670 939 727 degnera
954 668 1138 713 lassarci
1155 684 1323 714 ancora
1339 672 1533 727 qualche
1550 672 1661 716 mesi
1678 674 1805 717 detto

154 749 291 794 Mtro.
316 747 568 800 Saluestr0‚
593 749 762 805 perche
788 761 1001 791 vorremo
1028 748 1115 792 che
1143 747 1257 791 fussi
1278 755 1490 804 presente
1512 750 1599 793 alla
1620 750 1806 794 edifica-

151 824 279 871 tione
304 824 351 870 di
379 839 472 870 uno
498 825 774 870 monasterio
801 825 847 868 di
874 839 1004 869 sacre
1030 824 1238 882 vergine,
1271 826 1406 881 quale
1434 840 1515 882 per
1542 841 1627 870 suo
1649 827 1806 872 ordine

151 903 335 948 uolemo
355 901 666 947 incominciar'
690 918 718 947 a
739 902 950 946 fabricar’
974 902 1022 946 in
1044 910 1207 959 questo
1229 903 1514 959 Septembre.

242 980 288 1025 A
316 979 467 1037 questi
494 979 644 1038 giomi
670 979 853 1024 mandai
882 979 1032 1024 littere
1066 979 1112 1023 di
1138 980 1265 1024 detto
1300 981 1436 1023 Mtro.
1463 981 1698 1025 Saluestro
1727 997 1808 1038 per

150 1057 278 1102 mani
297 1057 356 1102 de
377 1044 619 1102 uno'eerto
639 1065 796 1102 nostro
818 1057 1044 1102 chiamato
1067 1059 1203 1102 Mtro.
1224 1057 1409 1102 Giouan
1433 1057 1603 1111 Pietro,
1629 1060 1714 1103 che
1736 1061 1808 1103 sta

151 1148 242 1182 con
261 1133 295 1179 il
315 1136 447 1180 ano.
473 1134 717 1180 Cardinale
739 1135 983 1192 Ugucione
1005 1135 1038 1188 ³,
1064 1134 1219 1179 diritte
1239 1150 1267 1178 a
1288 1137 1424 1179 Mtro.
1457 1135 1689 1180 Giouanni
1713 1138 1806 1181 Po-

153 1213 287 1258 lanco
307 1213 438 1266 nellav
449 1212 736 1271 Compagnia
756 1213 802 1256 di
819 1213 980 1266 Giesu,
1001 1220 1047 1257 et
1063 1227 1150 1257 con
1167 1220 1328 1269 queste
1345 1213 1392 1256 ui
1409 1228 1605 1257 saranno
1623 1214 1807 1272 alligate

149 1291 248 1336 due
265 1290 394 1345 altre,
419 1291 507 1336 alle
527 1291 662 1348 quale
684 1292 742 1335 V.
769 1292 824 1335 R.
851 1305 901 1335 se
922 1291 1126 1348 degnera
1149 1291 1216 1335 far
1239 1291 1334 1335 fare
1361 1290 1571 1348 risposta,
1603 1299 1649 1335 et
1676 1307 1806 1336 man-

149 1368 280 1414 darla
298 1383 384 1427 per
403 1369 433 1413 l'
458 1370 734 1427 apportator’
757 1367 803 1412 di
821 1366 998 1426 questa,
1019 1370 1106 1412 che
1122 1370 1147 1412 e
1163 1368 1255 1412 mio
1271 1367 1418 1412 amico
1435 1375 1481 1412 et
1498 1370 1523 1412 e
1540 1376 1660 1413 stato
1676 1384 1806 1414 meeo

150 1447 268 1493 costi
289 1446 381 1492 mio
407 1461 681 1504 compagno,
713 1447 834 1490 doue
856 1461 969 1490 sono
997 1453 1117 1490 stato
1146 1447 1251 1490 XIII
1279 1446 1402 1490 anni.
1429 1448 1534 1490 Non
1562 1446 1662 1491 diro
1691 1448 1806 1491 altro

150 1539 183 1568 a
200 1525 260 1571 V.
285 1526 362 1579 R„
381 1539 432 1570 se
452 1539 543 1568 non
572 1525 658 1568 che
687 1539 866 1581 sempre
887 1539 914 1568 a
934 1523 992 1568 lei
1020 1523 1081 1567 mi
1109 1524 1447 1577 racommando,
1479 1525 1566 1568 che
1593 1524 1623 1567 il
1650 1532 1806 1569 nostro

150 1601 353 1661 Signore
371 1603 495 1647 Yhu.
521 1604 642 1660 Xpo.
668 1601 938 1659 mantenghi
959 1602 1101 1659 longo
1124 1609 1293 1660 tempo.

242 1680 304 1726 Di
324 1679 545 1726 Fiuizano
565 1679 642 1724 alli
663 1680 711 1723 di
732 1682 822 1725 XV
844 1680 890 1724 di
913 1679 1103 1738 Maggio
1132 1682 1572 1726 M.D.XXXXVIII.

633 1759 706 1802 De
727 1759 786 1803 V.
813 1759 868 1802 R.
893 1757 1134 1811 seruitore,

176 1873 181 1876 .
267 1856 272 1863 ·
934 1837 1232 1880 RAPHAELLO
1261 1837 1562 1882 AUGUSTlNI.

241 1914 594 1973 Superscripiio:
620 1915 682 1959 Al
713 1915 854 1958 molto
891 1913 1003 1958 R.d0
1039 1913 1087 1957 in
1124 1915 1244 1971 Xpo.
1285 1916 1409 1959 Yhu.
1452 1917 1587 1959 Mtro.
1629 1915 1807 1972 Ignatio

100 2017 107 2027 ι
151 1991 342 2050 Loyola,
372 1991 614 2049 Preposito
645 1992 764 2036 della
798 1991 1084 2049 Compagnia
1116 1993 1174 2036 de
1202 1991 1364 2046 Giesu,
1390 1992 1438 2036 in
1467 1993 1637 2038 Sancta
1665 1992 1808 2036 Maria

86 2094 90 2098 -
148 2068 272 2114 della
293 2069 474 2122 Strada,
498 2084 659 2127 presso
681 2070 776 2115 San
798 2071 970 2122 Marco,
996 2068 1044 2112 in
1066 2070 1226 2113 Roma.

925 2217 1040 2258 153

502 2313 834 2351 MATTHAEUS
861 2313 1075 2350 SEBAST.
1103 2314 1175 2350 DE
1200 2313 1466 2353 MORRANO

386 2405 635 2448 PATRI
687 2405 1069 2449 ANTONIO
1121 2406 1228 2450 DE·
1272 2401 1553 2451 ARAOZ

611 2495 982 2536 CAESARAUGUSTA
1008 2509 1055 2536 20
1079 2509 1173 2545 MAJ1
1201 2500 1292 2548 1548
1318 2503 1346 2537 ⁵.

225 2595 403 2646 Epistola
421 2596 725 2633 suasoria.—Ne
743 2596 841 2632 velit
859 2595 1071 2632 Societatis
1089 2596 1225 2634 sedem
1243 2597 1559 2645 Caesaraugusta
1584 2597 1736 2634 tollere.

971 2681 1002 2740 †

249 2760 362 2817 Muy
384 2760 656 2804 Reverendo
685 2760 850 2805 Sefior.

245 2838 431 2894 Porque
450 2837 614 2882 desseo
637 2844 813 2882 acertar
834 2841 860 2880 a
881 2836 1081 2881 escreuir
1101 2841 1128 2881 a
1149 2838 1206 2882 V.
1234 2853 1315 2893 m.,
1341 2842 1390 2882 se
1413 2852 1502 2894 que
1524 2853 1584 2882 no
1611 2837 1707 2882 dire
1730 2851 1812 2894 pa-

215 2954 243 2986 ‘¹
295 2963 469 3000 Mum.
488 2970 619 3007 xxvn,
638 2962 700 3008 64.

193 3053 201 3057 .
231 3025 247 3046 ²
299 3021 526 3059 Alexander
543 3021 808 3065 Guidiccioni‚
829 3021 1049 3060 Cardinalis
1066 3027 1107 3059 et
1125 3022 1316 3059 Lucensis
1333 3023 1566 3071 Episcopus.

229 3083 246 3104 ⁸
294 3082 355 3119 Ex
372 3083 615 3131 autographo
633 3082 674 3118 in
692 3083 771 3119 vol.
793 3082 842 3127 A,
861 3082 1008 3130 duplici
1025 3081 1120 3118 folio
1138 3087 1178 3118 et
1195 3082 1391 3119 semifolio
1403 3110 1412 3127 ,
1432 3095 1471 3120 n.
1491 3090 1581 3129 229,
1602 3081 1709 3129 prius
1726 3090 1812 3128 470,
