2196 3548
445 272 513 320 532
1039 277 1276 311 EP1sr0LAE
1302 274 1471 310 ΜῙΧΤΑΕ

526 378 598 434 Ay
635 392 723 434 vay
743 378 852 420 hum
876 378 942 420 rol
963 378 1045 419 dos
1067 376 1246 428 irmaos,
1277 376 1357 418 das
1387 375 1636 419 facultades
1662 390 1752 431 que
1782 364 2074 422 estu'dar'nde

427 454 610 513 Janeiro
632 461 704 498 ate
727 468 837 510 gora
859 459 913 497 ao
935 461 1063 497 entra
1084 468 1154 496 em
1176 466 1281 495 casa
1313 453 1496 495 XXIIII.
1531 453 1655 495 Noso
1688 453 1864 496 Senhor
1885 467 1936 496 os
1958 462 2073 498 con-

432 532 559 575 firme
580 547 605 574 a
627 532 757 574 todos
779 545 877 574 com
895 545 978 573 sua
999 544 1136 586 graca
1158 528 1356 571 bendita:
1383 527 1471 571 seis
1497 533 1576 572 sao
1600 522 1740 584 agora
1763 522 2073 586 a'peregrinar

430 623 456 651 a
478 608 759 663 Goadelupe,
790 621 905 663 pena
924 607 982 650 de
1004 607 1039 649 F
1042 619 1193 657 ranca,
1219 619 1244 648 e
1261 604 1492 660 Santiago.
1515 606 1679 648 Destas
1703 619 1863 649 cousas
1885 620 2074 652 escreue

430 685 542 729 mais
569 686 698 741 largo
734 685 865 736 Cota,
904 698 992 739 que
1030 690 1119 726 tem
1157 697 1183 724 o
1216 681 1408 724 cuidado
1435 682 1491 724 de
1529 696 1577 725 as
1615 696 1839 726 escreuer.
1880 684 1924 726 A
1946 697 2068 738 casa,

430 763 627 806 louuado
650 776 760 804 noso
779 762 974 813 Senhor,
1000 766 1096 803 esta
1118 759 1259 801 muito
1281 758 1435 813 quieta
1463 773 1618 814 agom,
1643 773 1669 802 e
1696 774 1784 815 vay
1811 775 1919 816 muy
1945 760 2068 806 bem.

430 841 534 883 Don
563 839 768 894 Goncalo
807 839 817 860 ¹
844 845 933 882 tem
962 837 1155 880 cuidado
1182 836 1264 878 dos
1292 850 1453 887 nouos,
1490 849 1516 878 e
1546 836 1634 879 faio
1662 835 1756 879 mui
1778 837 1897 891 bem3
1923 838 2072 883 telhes

430 917 541 960 cada
562 915 636 959 dia
656 918 749 958 hua
769 916 884 970 licao
907 929 933 958 a
954 920 1107 956 noute.
1135 914 1228 957 Sua
1251 919 1374 955 carta
1395 906 1501 968 pera
1529 926 1555 954 o
1577 914 1748 955 Doctor
1776 914 1970 959 Alarcao
1992 915 2072 960 lhe

430 994 578 1049 leuey‚
605 1008 629 1036 e
652 991 790 1035 dictio
812 1007 838 1035 a
859 998 989 1034 outra
1011 1005 1037 1033 a
1053 991 1276 1040 Nauarro,
1302 1003 1494 1043 comque
1511 988 1654 1032 muito
1677 990 1896 1046 folgara6‚
1919 1005 1944 1034 e
1965 1005 2067 1037 com

430 1084 480 1112 as
501 1084 645 1112 nouas
667 1069 723 1112 de
746 1069 1014 1119 Alemanha‚
1040 1067 1164 1122 polas
1186 1079 1326 1120 quaes
1349 1079 1462 1108 noso
1484 1066 1660 1109 Senhor
1681 1066 1774 1122 seja
1794 1067 1997 1112 bendito.·
2030 1062 2033 1065 ’

520 1147 590 1189 De
629 1145 800 1189 Lixboa
827 1159 930 1188 creo
958 1158 1046 1199 que
1075 1142 1330 1186 escriuerao
1367 1156 1498 1184 como
1525 1147 1651 1186 estao
1679 1143 1736 1187 de
1764 1143 1937 1199 partida
1957 1159 2068 1201 pera,

429 1224 588 1279 Cepta‚
615 1237 673 1265 ou
695 1237 722 1265 o
739 1227 868 1265 serao
884 1221 947 1276 ja,
973 1235 1000 1262 o
1026 1223 1075 1263 P.
1109 1218 1351 1262 Francisco
1374 1218 1511 1263 Viera
1532 1233 1557 1262 e
1572 1221 1713 1277 Jorge
1736 1220 1928 1265 Moreira
1949 1221 1982 1275 ²,
2013 1236 2069 1266 os

430 1307 569 1355 quaes
596 1305 682 1343 vao
710 1314 736 1342 a
764 1298 985 1341 instancia
1012 1299 1068 1340 de
1098 1298 1202 1339 Don
1224 1297 1266 1339 N
1289 1321 1348 1328 —
1368 1321 1427 1327 —
1448 1321 1506 1328 -—
1529 1297 1724 1340 Aluarez
1751 1311 1822 1340 em
1850 1312 1984 1343 nome
2003 1299 2068 1342 do

430 1391 565 1432 pouo.

517 1454 771 1508 Agoraqme
799 1453 856 1494 da
893 1465 919 1494 o
956 1450 1168 1506 portador
1206 1463 1350 1505 presa:
1382 1452 1484 1504 aqui
1511 1464 1598 1505 vay
1626 1465 1653 1492 a
1680 1456 1953 1507 precuracao
1974 1465 2067 1508 que

423 1531 587 1574 manda
609 1528 750 1585 pedir,
775 1543 799 1571 e
816 1543 903 1584 vay
925 1528 1026 1570 nela
1049 1527 1255 1569 Baltezar
1275 1527 1331 1569 de
1353 1525 1484 1569 Faria
1505 1526 1562 1569 ad
1584 1527 1796 1583 maj0rem
1819 1529 2055 1573 cautelam.

421 1609 496 1663 Ay
518 1612 603 1649 vao
625 1612 772 1649 ostros
793 1606 908 1647 dous
930 1608 1108 1659 papeeS,
1135 1617 1183 1646 se
1204 1603 1248 1645 la
1269 1602 1584 1658 aproueitasen
1606 1618 1712 1659 pera
1738 1605 1875 1661 algua
1902 1619 2060 1650 cousat

421 1685 530 1727 hum
561 1698 649 1740 que
685 1689 922 1739 pertenece
949 1696 974 1723 a
1002 1681 1143 1724 Santo
1174 1680 1361 1732 Antom,
1392 1687 1524 1722 outro
1552 1696 1578 1724 a
1607 1681 1696 1725 Sao
1718 1682 1847 1739 Joao.
1880 1682 1923 1725 A
1951 1682 2063 1728 obra

419 1767 516 1805 esta
554 1761 716 1815 queda‚
757 1762 866 1802 sena
902 1764 1104 1801 somente
1141 1772 1167 1799 a
1204 1770 1350 1808 cerea,
1390 1771 1479 1811 que
1515 1763 1611 1801 esta
1647 1772 1718 1800 em
1756 1758 1860 1801 bom
1898 1765 2052 1815 ponto.

416 1819 603 1882 Grande
624 1851 762 1879 cousa
780 1836 998 1890 foralficar
1020 1835 1109 1878 Sao
1132 1833 1239 1876 Fins
1261 1833 1376 1877 liure
1397 1834 1456 1877 do
1478 1834 1719 1886 ordinario,
1740 1840 1850 1878 seno
1869 1835 1964 1880 fora
1977 1842 2062 1880 ‘tao

418 1915 689 1959 trabalhoso.
716 1914 816 1956 Nao
838 1913 896 1955 he
918 1910 1148 1955 necesario
1169 1910 1391 1954 alembrar
1411 1926 1436 1954 3
1459 1912 1514 1954 V.
1543 1913 1595 1954 R.
1624 1926 1672 1954 as
1688 1911 1801 1955 mais
1817 1926 1979 1970 eousas
1999 1914 2061 1957 de

419 2007 508 2048 qua
529 2007 555 2035 a
591 1989 874 2041 necesidade,
906 1988 1003 2044 pois
1026 1993 1098 2031 tao
1136 1989 1193 2031 be
1221 2003 1270 2031 as
1299 1989 1406 2031 sabe
1433 2002 1458 2030 e
1487 1995 1577 2031 tam
1607 1989 1710 2031 bom
1739 1989 1948 2045 cuydado
1964 1996 2056 2034 tem

419 2069 558 2112 delas.
585 2068 699 2111 Com
723 2068 862 2110 Santa
885 2065 1018 2108 Clara
1040 2078 1277 2120 queremos
1307 2078 1448 2120 agora
1475 2079 1677 2109 comesar
1702 2066 1759 2110 de
1780 2065 1910 2109 bolir.
1935 2068 2046 2111 Des-

419 2145 516 2202 pois
539 2146 751 2188 achamos
772 2157 861 2197 qua
883 2156 909 2184 o
937 2142 1073 2196 braco
1102 2141 1277 2184 secular
1305 2155 1394 2196 que
1415 2142 1459 2184 13
1485 2155 1533 2184 se
1561 2142 1786 2186 mandaua
1812 2142 1953 2199 pedir:
1972 2158 2059 2200 per

491 2313 501 2332 ¹
553 2309 774 2345 Consalvus
793 2306 987 2354 Sylveira.

485 2373 498 2392 Ξ
550 2368 651 2404 Vide
669 2367 784 2414 epist.
803 2365 963 2412 Joannis
981 2365 1030 2400 de
1050 2366 1222 2411 Aragon,
1243 2377 1372 2412 supra,
1392 2377 1431 2401 n.
1454 2374 1534 2411 159.
1554 2367 1613 2402 Ex
1631 2367 1800 2403 Polanco
1818 2373 1950 2404 tamen
1961 2380 2054 2406 con-

415 2435 493 2466 stat
510 2429 634 2465 fuisse
652 2428 792 2463 missos
808 2426 968 2473 septam
986 2425 1153 2471 (Cauta)
1171 2427 1309 2460 Patres
1333 2425 1574 2462 Ludovicum
1594 2426 1792 2462 Gonzalez
1815 2427 1866 2463 de
1889 2427 2053 2465 Camara

412 2495 452 2524 et
471 2491 663 2535 Joannem
681 2487 834 2530 Nufiez;
857 2485 1096 2526 chronicon,
1116 2490 1144 2520 t.
1165 2495 1191 2526 1,
1212 2496 1300 2532 pag.
1320 2484 1404 2530 329,
1423 2497 1461 2520 n.
1483 2494 1565 2530 290.
1581 2485 1656 2521 Cui
1670 2487 1842 2522 Francus
1859 2493 1900 2522 et
1917 2488 2056 2524 Tellez.

413 2549 688 2594 suffragantur.
716 2547 787 2581 Ille
812 2545 916 2580 enim
942 2545 997 2580 sic
1021 2544 1087 2579 ait:
1115 2544 1371 2580 «Consultum
1391 2549 1452 2580 est
1470 2545 1588 2580 etiam
1605 2545 1827 2582 christianis
1851 2547 2050 2593 Titummi,

410 2609 513 2644 inter
530 2617 684 2642 mauros
703 2604 883 2651 captivis.
906 2603 1130 2650 Alphonsus
1148 2603 1359 2645 Noronius,
1376 2603 1520 2650 Septae
1543 2604 1786 2648 Praefectus,
1804 2617 1894 2641 cum
1916 2611 2056 2643 nosset

410 2673 506 2715 quot
528 2665 724 2702 aerumnis
748 2663 874 2711 pressi
896 2667 1114 2709 gemerent,
1140 2662 1360 2709 piissimum
1389 2663 1539 2709 Regem
1556 2662 1651 2699 feeit
1672 2669 1838 2708 certum,
1857 2665 2055 2714 simulque

410 2728 514 2773 Mag.
535 2726 749 2762 Simonem.
769 2723 1000 2769 Subvenere
1026 2722 1178 2758 miseris
1204 2722 1428 2758 Ludovieus
1452 2723 1691 2759 Gonsalvius
1711 2729 1752 2759 et
1775 2725 1947 2771 Joannes
1969 2726 2051 2763 Nu·
2069 2742 2074 2748 ·

409 2787 497 2822 nius
515 2787 700 2821 Barretus
718 2795 807 2819 cum
832 2782 986 2828 Ignatio
1010 2782 1187 2827 Vogado‚
1213 2781 1454 2828 coadjutore.
1475 2782 1635 2829 Septam
1659 2783 1826 2830 appulsi,
1841 2785 2050 2832 praesidia-

407 2846 486 2881 rios
505 2854 748 2892 permovere,
768 2847 812 2878 ut
830 2853 957 2877 mores
972 2853 1062 2876 suos
1080 2841 1349 2876 reformarent.
1369 2841 1448 2877 Res
1463 2841 1570 2877 'adeo
1591 2842 1687 2878 mira
1701 2842 1785 2878 visa
1803 2848 1864 2879 est
1876 2843 2053 2881 Noronio

405 2905 625 2946 Praefecto,
645 2907 688 2939 ut
718 2901 767 2937 ad
793 2901 992 2936 Simonem
1020 2900 1235 2947 scripserit,
1269 2900 1414 2935 milites
1432 2905 1547 2936 antea
1576 2902 1720 2938 mauris
1751 2902 1914 2946 similes,
1933 2904 2051 2940 modo

406 2964 533 3001 videri
550 2962 840 3008 Religiosorum
865 2960 1120 2995 imitatores.»
1138 2960 1348 3009 >Synopsis,
1375 2960 1477 2995 Ann.
1507 2961 1610 3006 1548,
1636 2974 1674 2997 n.
1694 2970 1730 3007 7.
1750 2963 1867 2998 Plura
1883 2963 1924 2999 in
1940 2975 2047 3000 eum-

403 3025 494 3061 dem
512 3034 671 3060 sensum
689 3020 825 3057 scribit
842 3020 1022 3062 TELLEz‚
1046 3018 1235 3061 Chonica,
1256 3024 1285 3069 t.
1311 3028 1352 3061 11,
1378 3031 1466 3065 pag.
1494 3018 1818 3066 379<39o.—Vide
1841 3022 1943 3059 infra
1966 3023 2047 3070 epi—

406 3086 547 3121 stolam
565 3084 726 3119 alteram
746 3079 907 3127 Joannis
921 3079 969 3114 de
989 3079 1160 3123 Aragon,
1182 3091 1221 3114 n.
1245 3086 1309 3124 172
1330 3079 1508 3125 positam.
2042 3083 2045 3099 ³
