2190 3510
18 328 53 350 0⁷

898 273 1071 308 1ND101-:s
1736 279 1759 313 6
1767 287 1780 314 1
1790 287 1803 314 1

203 375 374 423 Gaspar,
417 373 503 421 267,
531 372 622 419 4853
666 373 841 410 excurrit
879 384 948 419 per

203 434 351 484 oppida
388 433 638 479 Lusitaniae,
683 434 948 480 apostolorum

205 504 327 541 more,
345 490 428 540 523,
450 500 534 538 5243
553 496 764 528 revocatus
789 503 840 527 ex
858 490 947 526 mis-

205 554 334 600 sione,
348 561 432 599 5253
447 551 487 588 in
501 549 654 587 Indiam
667 551 802 598 solvit,
817 558 899 596 527.

134 621 138 624 ·
156 612 342 661 Bayrros,
361 610 575 658 Antonius,
594 609 678 657 543.

158 672 305 718 Bazan,
323 673 470 719 Bacan,
487 671 620 718 Pater,
637 669 722 716 278.

157 732 292 771 an
307 730 465 779 osorio,
483 730 722 776 Constanza,
740 730 824 768 310.

156 791 276 830 Beira
306 792 444 839 (Bera,
474 791 608 839 Veira,
638 791 807 839 Veyra),
835 792 951 838 Joan-

208 854 296 900 ne's,
322 851 512 889 Societati
535 851 778 899 adjungitur,
806 860 888 899 195;
911 852 952 888 in

208 911 362 949 Indiam
373 910 610 956 destinatur,
621 911 736 958 ibid.,
748 919 830 957 1993
840 912 953 958 Igna-

209 971 309 1009 tium
321 982 475 1008 summa
484 971 738 1008 observantia
746 971 857 1019 colit,
869 981 951 1017 ²003

168 1057 181 1063 -
208 1030 391 1079 navigat,
416 1030 502 1077 2653
530 1030 572 1068 in
596 1030 750 1067 Indiam
775 1031 954 1080 appellit,

159 1149 278 1190 Beira
293 1151 476 1198 (Beria),
499 1151 728 1188 Lusitaniae
753 1152 956 1200 provincia

174 1227 175 1230 ¹
208 1205 637 1259 &uganaexcolitun
655 1209 740 1248 232.

162 1269 325 1319 Baliari,
339 1269 436 1308 alias
457 1270 652 1318 Sbrando,
677 1271 866 1318 Isidorus,
885 1272 956 1308 Pa-

210 1329 319 1368 risiis
355 1329 491 1367 studet
524 1329 679 1367 infirma
711 1331 955 1379 valetudine,

134 1399 137 1402 ⁴
213 1388 275 1436 56;
291 1387 431 1436 61‚62;
447 1389 614 1426 bursam
629 1390 798 1438 obtinet,
816 1399 879 1437 743
893 1391 954 1437 78,

211 1447 274 1496 81,
303 1447 366 1496 82,
398 1448 461 1495 883
492 1449 786 1487 Conimbricam
803 1451 956 1498 profici-

174 1532 184 1538 ι
211 1507 348 1559 scitur:
367 1508 511 1546 studiis
527 1515 657 1557 vacat,
679 1510 760 1556 1063
790 1520 871 1557 1423
891 1523 957 1560 pe-

212 1559 450 1616 regrinatur,
471 1577 552 1616 1453
579 1570 800 1607 sacerdotio
817 1577 956 1607 auctus

213 1626 410 1674 Gandiam
430 1625 556 1676 venit,
580 1627 666 1676 338,
691 1628 864 1676 340—342;
891 1630 958 1667 de—

212 1685 469 1725 stinationem
501 1693 708 1736 expectat,
742 1688 835 1736 346,
870 1687 956 1737 349,

213 1744 300 1795 350,
316 1745 403 1795 354,
420 1745 508 1795 363,
525 1746 612 1795 371,
626 1747 711 1795 3753
732 1749 955 1787 Valentiam

172 1820 198 1837 ”
213 1805 313 1854 “lita
327 1805 421 1854 3842·
433 1806 521 1855 40⁶²
534 1806 621 1853 486·

162 1865 403 1914 Benavides,
421 1867 597 1914 Joannes
611 1867 676 1915 de,
692 1875 775 1914 277.

161 1923 385 1974 Benedicti,
403 1926 594 1974 Joannes,
616 1927 755 1964 doctor
771 1927 959 1976 parisien-

179 2018 188 2023 .
213 1983 360 2032 ὐ,66’.

162 2044 345 2091 Bhnchi,
362 2045 540 2093 Joannes
557 2045 623 2088 de,
645 2045 730 2092 584.

163 2106 328 2153 Diuico,
345 2104 536 2154 oppidum
553 2105 754 2143 Guardiae
767 2106 808 2142 in
823 2107 962 2143 Portu-

185 2165 354 2213 ·gdlin,
387 2165 515 2214 patria
543 2166 836 2203 Bartholomaei
870 2167 962 2202 Fer-

213 2234 302 2272 run,
319 2223 381 2270 87.

165 2284 324 2333 Blyoul,
341 2283 626 2332 Hieronymus,
643 2285 790 2321 Rector
806 2283 963 2322 univer-

191 2359 193 2361 ·
215 2343 350 2382 sitatis
363 2343 621 2392 lovaniensis,
643 2343 725 2391 134.

166 2403 396 2452 Bobadinn,
418 2403 608 2441 Nicolaus
630 2404 697 2451 de,
721 2403 891 2441 mittitur
914 2404 964 2440 ab

215 2463 328 2502 Urbe
343 2463 386 2501 in
400 2463 612 2501 Aenariam
626 2464 812 2511 insulam,
826 2475 965 2512 pacem

186 2545 197 2551 ·
214 2522 512 2571 conciliaturus,
534 2523 591 2569 183
610 2524 776 2560 Romam
800 2523 966 2560 reverti·

217 2587 298 2636 tur,
327 2590 391 2630 41,
424 2589 491 2629 703
524 2574 666 2620 lustrat
692 2582 890 2619 Viennam
925 2588 967 2619 et

212 2641 489 2690 7Ηιὶεἰεῑποιιειιιι,
523 2650 603 2688 ι2ῐ;
629 2650 713 2688 2713
740 2646 902 2678 strenue
926 2642 968 2679 in

215 2702 358 2740 cun-is
390 2703 565 2750 laborat,
599 2701 690 2748 304;
732 2702 967 2749 religionem

217 2766 367 2810 tuetur,
388 2761 476 2810 3653
501 2774 553 2799 ex
577 2762 791 2800 Germania
804 2761 968 2810 jubetur

217 2821 429 2870 excedere,
448 2821 534 2870 503,
555 2831 639 2868 504.

169 2881 349 2930 Borogna
376 2882 622 2930 (Bononia),
653 2880 740 2929 352,
767 2879 854 2928 353,
881 2880 967 2928 356,

171 2999 343 3049 Βοφιοῐ,
358 2998 483 3037 Nicer
500 3000 691 3048 Joannen,
707 2993 971 3036 barcinonen-

222 3059 294 3107 sis,
314 3067 397 3107 1593
414 3058 521 3097 filius
538 3059 625 3108 ejus
647 3041 877 3108 qtlffidrimus
902 3059 971 3096 rni-

1068 385 1155 408 rum
1200 373 1439 411 Societatem
1481 378 1654 423 extollit,
1695 379 1810 423 ibid.,·

1070 431 1153 478 235.

1022 493 1194 539 Borbon,
1213 493 1393 540 Carolus,
1408 494 1628 532 Cardinalis
1642 498 1707 543 de,
1731 507 1810 534 101.

1023 551 1244 598 Bordeaux,
1263 553 1303 588 in
1319 559 1429 589 textu
1446 555 1622 591 Bordeus
1640 558 1811 602 (Burdi—

1066 612 1204 659 gala),
1223 611 1283 648 83.

1025 670 1156 717 Borja,
1174 671 1339 708 Carolus
1357 673 1422 719 de,
1443 674 1616 709 Marchio
1634 674 1684 710 de
1704 675 1814 711 Lom<

1073 732 1166 778 bay,
1183 731 1288 768 filius
1307 733 1381 769 Sti.
1402 734 1599 770 Francisci
1618 735 1667 771 de
1687 736 1816 783 Borja,

1074 789 1160 838 315,
1179 789 1266 838 334,
1285 790 1370 839 340,
1390 792 1474 842 343,
1492 794 1576 839 426.

1027 849 1157 897 Borja,
1176 851 1395 898 Elisabeth,
1421 853 1500 889 filia
1519 853 1592 890 Sti.
1621 855 1819 891 Francisci

1074 910 1125 946 de
1142 909 1273 957 Borja,
1293 910 1377 958 239,
1394 911 1478 958 284,
1497 912 1582 959 340,
1601 913 1684 959 343.

1027 970 1144 1016 Borja
1176 982 1204 1017 y
1237 971 1447 1018 Euriquez,
1482 972 1685 1010 Elisabeth
1698 1003 1707 1021 ,
1741 974 1820 1010 filia

1077 1031 1242 1078 Joannis
1264 1031 1314 1067 de
1345 1030 1475 1076 Borja,
1500 1033 1537 1068 II
1563 1033 1685 1069 Ducis
1716 1034 1821 1070 Gan-

1075 1089 1180 1136 diae,
1199 1095 1239 1126 et
1257 1090 1402 1126 Mariae
1417 1091 1612 1139 Enriquez
1630 1092 1680 1128 de
1696 1093 1819 1138 Luna;

1076 1144 1204 1186 amita‘
1231 1150 1304 1187 Sti.
1337 1150 1556 1198 Francisci,
1588 1152 1700 1199 virgo
1735 1153 1822 1188 Deo

1077 1221 1208 1256 sacra,
1251 1210 1468 1246 Abbatissa
1507 1211 1547 1247 in
1583 1212 1823 1248 monasterio

1078 1269 1186 1306 Stae.
1202 1270 1340 1307 Clarae
1355 1270 1599 1316 gandiensis,
1615 1273 1822 1308 Francisca

1077 1341 1101 1365 a
1125 1330 1223 1375 Jesu
1247 1329 1306 1366 illi
1330 1340 1490 1377 nomen,
1515 1339 1600 1378 250,
1623 1330 1709 1378 364,
1735 1340 1822 1379 427,

1030 1448 1161 1496 Borja,
1179 1447 1288 1484 Stus.
1308 1449 1541 1485 Franciscus
1558 1449 1623 1496 de,
1642 1449 1679 1496 6,
1694 1458 1731 1495 7;
1751 1450 1823 1487 Ca-

1078 1507 1274 1545 talauniae
1292 1509 1455 1556 Prorex,
1473 1519 1534 1555 943
1566 1509 1699 1556 magni
1729 1509 1825 1545 facit
1845 1510 1848 1513 ”

1077 1567 1334 1615 Societatem,
1350 1568 1411 1615 98,
1431 1578 1445 1605 1
1455 1578 1511 1614 123
1528 1575 1682 1606 mortuo
1696 1576 1823 1617 patre,

1078 1627 1257 1665 Gandiae
1287 1627 1473 1664 ducatum
1500 1627 1596 1675 adit,
1626 1638 1707 1675 159,
1743 1628 1824 1675 160,

1081 1689 1164 1736 166,
1192 1696 1274 1734 1773
1305 1688 1518 1735 collegium
1544 1689 1734 1725 Societati
1761 1700 1826 1724 ex-

1077 1754 1232 1785 struere
1250 1748 1415 1796 cogitat,
1435 1758 1519 1796 221,
1535 1758 1619 1795 2293
1640 1748 1827 1785 invisitur

1078 1810 1129 1845 ab
1151 1809 1297 1856 Araoz,
1325 1808 1410 1855 238,
1435 1808 1502 1856 qui
1527 1808 1613 1855 ejus
1638 1808 1826 1844 virtutem

1080 1868 1244 1904 miratur
1262 1873 1303 1905 et
1315 1868 1464 1915 laudat,
1480 1867 1563 1914 2393
1580 1877 1664 1913 2403
1681 1869 1827 1903 bonum

1078 1928 1266 1974 generale
1303 1933 1344 1963 et
1382 1927 1593 1963 Societatis
1626 1925 1829 1973 anteponit

1079 1987 1252 2035 proprio,
1278 1987 1393 2029 ibid„
1419 1986 1504 2032 248;
1530 1996 1614 2032 249,
1641 1994 1724 2032 254,
1743 1984 1829 2031 283,

1081 2046 1166 2094 286,
1185 2045 1270 2092 288;
1287 2046 1374 2093 ejus
1393 2046 1624 2092 liberalitas,
1643 2044 1727 2090 301;
1743 2044 1829 2091 303,

1079 2105 1165 2152 3153
1184 2105 1279 2154 quid
1296 2105 1347 2142 de
1371 2106 1489 2153 Borja
1514 2106 1662 2141 sentiat
1688 2104 1830 2151 Miron,

1081 2165 1167 2213 318,
1186 2165 1272 2212 319;
1299 2171 1340 2202 et
1363 2167 1524 2211 Torres,
1543 2164 1628 2210 3273
1660 2176 1742 2200 rem
1761 2163 1831 2200 So-

1083 2225 1242 2263 cietatis
1266 2231 1475 2274 promovet
1498 2224 1715 2272 Compluti‚
1734 2224 1832 2261 Cae-

1083 2291 1357 2333 saraugustae,
1371 2284 1457 2331 3283
1474 2285 1631 2321 vineam
1644 2283 1832 2332 gandien-

1084 2345 1120 2382 si
1136 2345 1307 2392 collegio
1330 2345 1441 2390 serit,
1468 2343 1553 2390 333,
1578 2342 1662 2389 334;
1689 2343 1832 2380 librum

1085 2405 1168 2442 edit
1191 2404 1232 2442 in
1255 2406 1400 2451 lucem,
1426 2403 1510 2449 3353
1539 2403 1640 2439 febri
1667 2404 1834 2449 laborat,

1085 2470 1307 2512 recreatur,
1343 2463 1428 2510 337,
1463 2462 1555 2508 338;
1592 2462 1833 2499 Societatem

1086 2525 1173 2561 vult
1190 2518 1346 2572 Hispali
1363 2524 1609 2569 collocatam,
1637 2521 1723 2568 338,
1750 2520 1835 2567 339,

1086 2581 1172 2630 3413
1192 2582 1350 2630 Ignatio
1375 2580 1593 2630 acquiescit
1617 2580 1778 2617 omnino
1796 2579 1836 2616 in

1086 2643 1207 2681 rebus
1223 2642 1384 2689 collegii
1407 2640 1652 2688 gandiensis,
1672 2638 1756 2685 3433
1776 2651 1837 2675 so-

1087 2701 1171 2738 cios
1189 2714 1212 2738 e
1229 2700 1435 2738 Lusitania
1459 2700 1587 2748 poscit
1609 2699 1659 2735 ad
1686 2710 1838 2747 promo—

1088 2761 1258 2798 vendam
1288 2761 1329 2797 in
1354 2759 1545 2807 Hispania
1579 2759 1838 2804 Societatem,

1089 2819 1175 2867 3463
1201 2819 1288 2867 348,
1313 2819 1399 2866 350,
1424 2818 1510 2865 353,
1535 2818 1620 2865 362,
1648 2817 1734 2864 363,
1752 2817 1837 2863 364;

1090 2880 1177 2928 ipse
1211 2879 1390 2917 Gandiae
1425 2878 1559 2915 studet
1592 2877 1839 2922 dialecticae,

1090 2937 1175 2985 3713
1191 2938 1296 2975 inter
1309 2937 1556 2974 coenandum
1570 2937 1840 2979 concionatur,

1091 2997 1176 3045 372;
1196 2998 1283 3046 373,
1303 2998 1387 3044 3843
1408 2997 1695 3045 professionem
1713 3007 1841 3032 secre-

1094 3064 1134 3096 to
1147 3058 1370 3096 faciendam
1386 3057 1550 3104 cogitat,
1566 3056 1650 3103 385;
1666 3055 1750 3101 3873
1766 3055 1842 3092 Cu-
