2196 3548
955 234 1034 270 ΑΝ.
1066 242 1158 280 1547
1810 239 1879 286 367

221 339 324 384 'non
344 344 415 383 est
435 345 486 381 vt
506 335 618 380 mihi
639 335 889 392 quidquam
906 333 978 391 adj
986 334 1159 379 umenti
1174 338 1489 392 persuadeam,
1510 353 1650 394 quum
1668 341 1880 384 sacratis-

228 415 344 461 sima
380 416 476 462 Sua
507 414 723 471 Majestas
754 419 822 456 tot
845 411 1075 468 tantisque
1111 420 1344 468 prematur
1372 414 1705 461 calamitatibus
1733 423 1778 460 et
1800 419 1882 460 ad-

230 491 542 538 uersitatibus:
574 504 767 548 quarum
796 503 885 547 ego
921 495 1029 532 ante
1064 488 1238 545 aliquot
1265 504 1410 550 annos
1431 491 1692 535 uerissimas
1721 507 1882 537 causas

229 569 378 616 eidem
413 567 678 626 simpliciter
704 565 1060 624 suppliciterque
1087 566 1310 623 praedixi3
1341 568 1422 610 sed
1456 568 1746 613 manentibus
1774 570 1883 626 ipsis

223 646 397 702 causis,
421 646 632 691 uidemus
657 651 704 690 et
731 645 922 689 effectus
954 643 1105 687 adhuc
1141 658 1340 697 manere,
1376 650 1423 689 et
1450 645 1603 689 nescio
1625 645 1777 691 sintne
1797 663 1884 690 vn—

221 736 366 783 quam
386 722 624 769 cessaturi.
650 723 808 780 Quum
831 735 942 766 uero
963 719 1074 765 R,da
1098 723 1150 764 P.
1178 722 1236 765 V.
1262 723 1321 765 ob
1343 721 1549 779 insignes
1571 737 1678 767 suas
1693 724 1824 768 dotes
1840 732 1885 768 et

227 801 422 847 ,virtutes
442 801 566 859 apud
586 799 707 844 illius
730 799 1016 856 MaJestatem
1038 797 1152 842 citra
1173 798 1363 842 dubium
1382 806 1534 843 tantae
1551 799 1611 842 sit
1633 801 1885 846 authorita-

224 878 288 924 :tis
308 885 356 924 et
375 877 566 937 gratiae,
594 884 646 922 ut
680 876 843 921 merito
874 875 989 920 nihil
1014 890 1124 930 non,
1167 876 1290 932 quod
1311 876 1490 933 justum
1518 884 1564 921 et
1593 885 1767 921 rectum
1796 887 1881 933 est,

229 955 363 1002 facile
383 955 426 1001 ei
446 955 723 1014 persuadere
742 954 907 1007 valeat,
933 968 1014 998 oro
1041 960 1089 998 et
1109 954 1316 1007 obsecro,
1343 961 1395 998 ut
1422 955 1581 999 eadem
1610 954 1720 999 R.da
1744 958 1796 1000 P.
1823 958 1880 1002 V.

226 1033 374 1092 ipsius
396 1033 698 1091 Majestatem,
723 1032 876 1076 oblata
896 1030 1220 1076 commoditate
1240 1037 1287 1075 et
1302 1031 1558 1085 occasione,
1578 1047 1763 1078 monere
1778 1036 1887 1078 hor-

231 1110 411 1168 tarique
429 1124 524 1155 non
545 1116 782 1168 grauetur,
809 1109 1036 1166 quatenus
1058 1123 1113 1153 ea
1128 1123 1221 1152 non
1243 1107 1476 1165 permittat
1498 1124 1571 1153 me
1599 1125 1745 1167 usque
1772 1112 1887 1155 adeo

226 1195 392 1234 contra
403 1187 679 1245 aequitatem
695 1186 923 1231 violenter
933 1185 1142 1243 opprimi,
1153 1193 1395 1243 meamque
1411 1187 1660 1243 quamlibet
1673 1188 1885 1246 exiguam

220 1264 596 1324 jurisdictionem.
610 1279 703 1308 non
724 1263 788 1308 ita
810 1277 993 1322 pessum
1014 1263 1070 1306 iri
1091 1263 1324 1321 dignetur.
1352 1265 1459 1320 Qua
1480 1265 1538 1308 de
1561 1279 1610 1308 re
1627 1265 1788 1320 fusius,
1810 1266 1887 1309 ubi

227 1341 599 1388 conuenerimus.
626 1342 783 1399 Atque
817 1340 991 1385 vtinam
1028 1341 1076 1385 id
1111 1340 1262 1398 ipsum
1297 1342 1561 1398 propediem
1584 1343 1789 1387 futurum
1812 1343 1886 1398 sit,

233 1419 395 1465 saltem
416 1418 465 1464 in
480 1419 581 1478 ipso
603 1418 828 1464 Concilio.
854 1419 1016 1476 Cujus,
1042 1418 1150 1475 quia
1171 1418 1282 1462 mihi
1303 1418 1415 1463 R.da
1438 1422 1491 1464 P.
1525 1421 1582 1464 V.
1610 1421 1784 1464 dudum
1807 1421 1889 1465 ali-

228 1503 347 1555 quot
359 1495 588 1542 sessiones
598 1502 645 1541 et
660 1495 951 1541 definitiones
961 1495 1372 1553 conclusionesque
1383 1497 1691 1543 transmittere
1701 1498 1891 1556 dignata

228 1580 319 1629 est,
343 1573 515 1633 gratias
534 1575 683 1619 habeo
704 1581 752 1629 et
772 1589 862 1632 ago
884 1588 1102 1631 perquam
1125 1573 1360 1628 maximas,
1386 1575 1614 1620 relaturus
1637 1575 1761 1629 olim,
1788 1576 1891 1632 qui-

228 1651 520 1709 buscumque
539 1652 678 1697 rebus
693 1659 873 1710 potero.
895 1653 1026 1710 Quas
1041 1665 1135 1695 una
1150 1666 1331 1696 mecum
1348 1667 1406 1697 ex
1421 1652 1572 1697 animo
1591 1653 1724 1697 R.dae
1753 1657 1806 1699 P.
1828 1656 1885 1699 V.

226 1728 296 1775 ita
315 1729 474 1784 offero,
499 1736 552 1774 ut
572 1729 671 1788 ipsa
692 1730 836 1788 possit
856 1729 922 1775 eis
939 1744 1232 1786 quocumque
1247 1731 1351 1775 loco
1367 1737 1414 1774 et
1431 1737 1637 1788 tempore
1653 1733 1712 1776 ad
1728 1740 1889 1777 votum

231 1811 279 1853 et'
299 1814 465 1862 nutum
485 1813 621 1853 suum
637 1807 703 1852 vti
720 1815 767 1853 et
787 1807 930 1853 abuti.
952 1807 1095 1866 Quod
1111 1807 1197 1851 sibi
1213 1807 1403 1852 firmiter
1419 1810 1706 1866 persuadeat,
1727 1810 1892 1868 meque

226 1885 292 1930 de
311 1884 490 1931 meliori
510 1892 620 1930 nota
641 1886 706 1945 (vt
727 1885 816 1930 dici
838 1885 970 1942 solet)
994 1886 1362 1930 commendatum
1384 1887 1570 1940 habere,
1595 1890 1890 1933 commenda-

229 1969 424 2020 tumque
444 1962 512 2008 sic
532 1963 656 2021 apud
677 1963 726 2008 S.
753 1965 813 2008 D.
845 1964 904 2008 N.
937 1969 984 2006 et
1010 1962 1159 2020 ipsum
1187 1962 1448 2007 Concilium
1473 1964 1623 2008 facere
1654 1964 1888 2023 dignetur,

43 2019 87 2073 f*
146 2087 151 2093 ,
230 2046 287 2085 vt
305 2046 355 2086 et
372 2040 484 2085 mihi
505 2040 615 2086 illuc
635 2040 866 2107 proficisci
888 2040 1038 2086 liceat.

295 2108 298 2109 ⁷
323 2105 398 2164 De
416 2119 555 2164 rebus
576 2118 745 2177 passim
772 2117 820 2163 in
846 2117 1112 2172 Germania,
1138 2133 1262 2163 nunc
1289 2119 1433 2164 altera
1465 2119 1655 2177 perinde
1690 2121 1892 2178 Aphrica

230 2196 355 2253 (sic),
370 2195 522 2250 nouis,
547 2197 672 2242 haud
694 2202 764 2240 est
780 2203 830 2240 vt
846 2196 1040 2241 scribam
1057 2197 1115 2240 ad
1132 2195 1283 2241 R‚dam
1308 2199 1362 2242 P.
1388 2199 1467 2252 V.,
1488 2213 1606 2254 quae
1627 2199 1726 2243 sine
1748 2199 1890 2243 dubio

222 2273 324 2319 sibi
337 2273 558 2320 certiores
584 2281 633 2319 et
666 2275 870 2320 veriores
896 2275 1052 2329 habet,
1083 2289 1220 2331 quam
1241 2289 1329 2319 nos
1350 2275 1425 2319 hic
1447 2275 1588 2320 turcis
1605 2276 1785 2321 finitimi
1807 2279 1890 2321 ha-

233 2352 346 2397 bere
360 2351 557 2409 quimus.
579 2352 712 2396 Faxit
728 2354 856 2397 Deus
872 2351 948 2396 ille
963 2352 1345 2397 clementissimus
1361 2360 1407 2397 et
1422 2353 1887 2408 misericordissimus,

229 2435 302 2484 vt,
320 2435 529 2495 reparata
544 2444 673 2487 pace,
693 2429 938 2486 aliquando
954 2429 1055 2486 ejus
1071 2429 1218 2487 gratia
1233 2429 1370 2475 etiam
1384 2426 1637 2488 rep'aratam
1655 2431 1891 2477 videamus

237 2505 510 2561 Ecclesiam,
550 2514 619 2551 tot
654 2507 875 2552 abusibus
910 2514 958 2552 et
992 2507 1259 2552 haeresibus
1294 2509 1609 2554 deformatam.
1638 2511 1701 2554 Vt
1737 2517 1889 2554 autem

232 2583 348 2629 R.da
370 2586 424 2629 P.
450 2577 518 2630 V.
534 2585 624 2630 mei
640 2585 990 2629 commendandi
1007 2585 1241 2630 meliorem
1256 2587 1426 2631 habere
1443 2586 1728 2632 occasionem
1742 2587 1891 2645 -possit

228 2667 283 2707 et
301 2661 621 2717 efficaciorem,
646 2662 778 2707 mitto
799 2662 874 2707 hic
890 2677 971 2720 per
992 2663 1257 2708 familiarem
1279 2679 1431 2709 meum
1459 2665 1789 2709 cubicularium
1812 2680 1889 2709 ca-

234 2739 440 2798 talogum
461 2755 664 2786 mearum
685 2755 771 2798 pro
793 2740 1027 2798 republica
1047 2741 1294 2787 christiana
1313 2742 1699 2797 lucubrationum,
1724 2743 1891 2799 quibus

230 2815 297 2861 ita
316 2819 507 2875 posthac
529 2817 639 2862 alias
660 2818 900 2863 additurus
921 2833 1039 2872 sum,
1064 2825 1115 2862 vt
1135 2818 1304 2865 ibidem
1332 2827 1379 2863 et
1401 2820 1511 2865 R,da
1534 2822 1588 2864 P.
1614 2822 1673 2865 V.
1700 2820 1771 2864 sui
1795 2821 1888 2864 cla-

230 2888 400 2940 rissimi
421 2895 617 2940 nominis
638 2895 937 2942 immortalem
959 2896 1224 2941 memoriam
1246 2911 1330 2955 pro
1352 2898 1576 2956 dignitate
1591 2906 1812 2956 perpetuo
1830 2898 1888 2942 sit

231 2970 462 3018 habitura.
489 2974 623 3030 Quae
643 2973 817 3019 interea
837 2972 1094 3032 deindeque
1108 2989 1288 3033 semper
1303 2976 1594 3022 foelicissime
1610 2977 1774 3030 valeat,
1800 2976 1887 3020 mei

238 3063 417 3094 memor
435 3049 484 3094 in
505 3065 591 3096 suo
613 3051 916 3109 beneplacito.
