2196 3548
938 257 1016 292 ΑΝ.
1049 266 1140 303 1547
1790 263 1862 310 369

214 357 346 403 uenir
366 357 589 416 imparare
610 357 653 401 13
673 356 856 402 dotrina
877 357 1122 402 christiana
1143 357 1189 400 in
1211 373 1304 402 una
1324 359 1508 412 chiesia,
1528 362 1665 415 quale
1688 377 1745 405 ne
1766 368 1863 407 esta

216 435 379 480 offerta
399 435 457 480 ad
479 434 591 491 ogni
618 441 779 478 nostro
800 435 1062 478 commodo:
1095 434 1166 478 cio
1194 436 1236 487 e,
1262 450 1341 491 per
1368 437 1596 481 celebrare
1627 438 1670 482 13
1697 454 1860 492 messa,

216 526 298 570 per
318 511 580 557 comunicar
601 511 648 555 in
668 512 820 568 quella
841 511 915 555 chi
937 511 1136 567 uolemo‚
1162 527 1242 568 per
1263 514 1529 567 coufessar',
1554 529 1634 570 per
1650 514 1864 572 insegnar

217 589 262 635 la
281 589 462 634 dotrina
482 588 730 634 christiana
750 604 776 633 e
805 595 927 633 tutto
956 589 1109 645 quello
1138 590 1224 632 che
1245 605 1272 633 a
1293 589 1369 632 noi
1399 589 1570 646 piacce:
1595 591 1632 634 si
1654 591 1865 637 dimanda

216 666 261 712 la
281 665 450 712 chiesia
471 667 521 712 S.
548 667 710 720 paolo,
734 672 781 711 et
802 667 829 710 6
855 665 1084 723 parochia.
1110 666 1202 710 Noi
1230 681 1438 723 speremo
1461 668 1534 711 nel
1561 668 1758 725 Signore
1780 671 1865 714 che

216 758 277 789 ne
301 741 404 789 sera
438 750 596 801 aperta
622 743 665 788 la
701 749 832 800 porta
859 744 916 788 de
954 744 1021 788 far
1050 743 1208 796 frutto,
1240 745 1413 800 purche
1445 759 1539 788 non
1568 747 1760 790 manche
1792 748 1866 791 dal

215 827 354 867 canto
375 820 483 866 delli
503 819 694 865 meliori.

305 899 382 943 Me
401 899 558 943 hanno
588 899 715 942 detto
736 898 888 943 alcuni
910 898 1055 942 nostri
1085 897 1219 943 amici
1247 899 1428 951 adesso,
1455 900 1539 942 che
1562 899 1678 944 seria
1707 901 1865 945 buono

213 975 302 1021 che
316 976 510 1021 andasse
525 991 552 1020 a
567 975 800 1034 predicare
817 975 864 1020 in
880 991 975 1020 uno
997 977 1183 1029 luocho,
1203 975 1437 1020 chiamato·
1455 979 1658 1021 Mercato
1674 978 1863 1031 Nuouo,

213 1054 336 1099 doue
351 1068 636 1099 concorreno
651 1068 838 1111 apresso
856 1051 978 1098 mille
994 1053 1206 1111 persone,
1226 1069 1252 1098 e
1268 1053 1537 1098 dicono'che
1559 1054 1677 1098 seria
1693 1057 1867 1112 grande

214 1131 518 1185 edificatione,
543 1133 712 1189 perche
734 1131 748 1174 i
770 1130 873 1175 altri
895 1133 981 1176 che
1003 1146 1156 1176 uanno
1177 1147 1204 1176 a
1225 1138 1384 1176 cantar
1405 1131 1453 1175 in
1474 1131 1603 1188 piaza
1619 1147 1647 1176 o
1668 1148 1694 1177 a
1715 1133 1867 1189 predi-

215 1222 336 1264 care,
359 1209 404 1254 al
423 1206 516 1254 fine
536 1208 813 1254 dimandano
835 1208 1009 1263 danari3
1034 1223 1060 1252 e
1082 1209 1293 1253 uedendo
1308 1208 1340 1252 il
1362 1210 1531 1266 popolo
1554 1224 1647 1253 uno
1668 1211 1754 1253 che
1775 1225 1866 1254 non

215 1285 504 1332 dimandasse
524 1287 690 1330 alcuna
710 1301 835 1340 cosa,
861 1285 1000 1331 staria
1022 1293 1142 1330 tutto
1163 1285 1391 1330 edificato.
1418 1288 1455 1330 E
1472 1287 1682 1332 massime
1704 1295 1867 1345 questo

214 1379 243 1410 a
262 1363 325 1408 mi
346 1365 373 1410 ὁ
393 1363 474 1422 piu
494 1363 622 1408 licito
654 1366 740 1409 che
760 1380 788 1409 a
808 1364 990 1417 alcuno,
1024 1366 1192 1421 perche
1214 1379 1310 1408 non
1331 1379 1419 1408 son
1449 1366 1703 1419 sacerdote,
1735 1381 1762 1410 e
1783 1381 1869 1410 son

213 1441 437 1500 giouane,
467 1442 619 1486 donde
647 1456 741 1486 non
769 1456 828 1485 ne
854 1448 999 1499 puote
1025 1441 1216 1486 riuscire
1243 1442 1408 1486 31611110
1435 1443 1587 1486 (1311110
1614 1443 1702 1487 3113
1729 1444 1867 1487 Com—

212 1518 382 1577 pagnia
406 1520 436 1563 ¹.
463 1520 501 1563 E
527 1519 575 1562 in
595 1518 756 1572 verita,
782 1535 809 1564 a
837 1534 910 1564 me
937 1534 1047 1576 pare
1074 1520 1175 1572 che,
1201 1519 1396 1564 essendo
1423 1520 1640 1564 mandato
1672 1534 1801 1564 come
1823 1520 1869 1565 in

212 1595 498 1654 probatione,
523 1597 610 1640 che
631 1611 705 1640 me
725 1596 914 1641 doueria
936 1597 1131 1654 probare
1147 1612 1174 1642 e
1190 1596 1502 1641 mortificarmi
1519 1597 1566 1640 in
1583 1604 1765 1655 questo;
1785 1613 1870 1655 pur

214 1681 410 1720 remetto
442 1674 556 1732 ogni
576 1688 684 1718 cosa
706 1675 749 1719 al
777 1689 910 1731 parer
938 1675 996 1719 de
1024 1676 1082 1719 V.
1109 1676 1184 1718 R.:
1210 1690 1237 1718 3
1264 1689 1337 1719 1116
1369 1689 1462 1718 11011
1490 1689 1652 1719 11131163
1678 1676 1870 1721 esserci-

214 1751 348 1798 tarmi
367 1751 416 1797 in
443 1751 546 1796 altri
577 1752 755 1810 luoghi.
782 1754 820 1796 E
851 1753 1014 1797 adesso
1041 1754 1100 1797 da
1128 1767 1286 1797 nuouo
1315 1767 1399 1797 son
1427 1755 1499 1798 sta
1525 1753 1752 1798 rechiesto
1781 1768 1870 1798 con

214 1828 433 1876 instantia
452 1845 480 1875 a
507 1830 574 1874 far
601 1830 799 1875 sermoni
820 1829 868 1873 in
896 1845 991 1874 uno
1020 1830 1314 1884 monasterio,
1340 1830 1570 1876 chiamato
1598 1830 1630 1874 il
1662 1830 1867 1885 Portico,

214 1906 338 1952 fuori
358 1906 417 1952 de
437 1908 475 1952 F
476 1907 676 1962 iorenza,
700 1908 822 1952 doue
844 1922 960 1952 sono
982 1908 1040 1952 da
1068 1921 1151 1952 Ioo
1172 1923 1307 1953 suore
1335 1909 1479 1952 molto
1500 1909 1559 1953 da
1579 1910 1713 1963 bene,
1737 1910 1871 1965 quale

213 1983 263 2029 in
283 1991 447 2042 questa
467 1985 835 2043 quadragesima,
855 2000 937 2042 per
954 1985 985 2028 il
1001 1985 1228 2030 desiderio
1246 1987 1332 2030 che
1348 1987 1591 2031 haueuano
1607 1987 1665 2030 de
1681 1986 1811 2030 udire
1827 1987 1870 2031 la

212 2063 371 2120 parola
390 2063 466 2108 del
486 2062 701 2120 Signore,
727 2065 884 2108 hanno
905 2063 1130 2107 condotto
1157 2063 1189 2106 il
1215 2063 1492 2120 predicator'
1522 2079 1612 2108 con
1641 2064 1792 2122 precio
1813 2066 1870 2109 de

212 2139 296 2185 lire
322 2141 391 2194 16,
415 2154 498 2199 per
518 2139 724 2198 predicar
744 2141 845 2185 solo
866 2141 909 2185 le
930 2140 1183 2196 domenice;
1209 2156 1235 2186 e
1256 2156 1332 2185 mo
1353 2143 1439 2186 che
1461 2143 1615 2186 hanno
1642 2142 1762 2186 uisto
1785 2144 1869 2186 che

211 2231 310 2262 non
329 2216 618 2263 dimandamo
639 2218 812 2276 precio,
837 2233 895 2263 ne
917 2233 1035 2262 sono
1057 2219 1202 2263 molto
1223 2218 1449 2274 edificate3
1475 2235 1500 2264 e
1522 2220 1619 2264 cosi
1641 2234 1774 2276 spero
1795 2221 1870 2263 nel

213 2293 414 2354 Signore
435 2297 521 2340 che
537 2310 586 2340 se
608 2296 705 2341 fara
725 2297 902 2353 grande
924 2297 1082 2349 frutto,
1108 2297 1282 2353 purche
1302 2311 1399 2341 non
1421 2299 1615 2341 manche
1636 2298 1695 2340 da
1715 2298 1759 2342 13
1780 2297 1870 2341 11113

214 2371 463 2430 tepidezza‚
487 2372 826 2431 imperfettione
847 2388 874 2418 e
895 2373 1171 2431 ignorantia.
1192 2375 1463 2434 Haueremo.
1480 2377 1626 2419 anche
1642 2374 1870 2432 diligenza

214 2450 274 2494 de
299 2450 470 2495 uedere
496 2451 555 2495 de
590 2451 764 2495 seruire
790 2452 833 2496 al
866 2451 1067 2509 Signore
1103 2451 1230 2509 negli
1258 2452 1509 2509 hospedali,
1549 2453 1726 2496 benche
1754 2467 1868 2496 sono

215 2534 345 2573 tanto
366 2528 485 2573 bene
506 2528 751 2586 gouernati
773 2530 832 2574 da
854 2529 868 2572 i
890 2528 990 2573 suoi
1012 2528 1224 2583 ministri,
1250 2530 1336 2573 che
1358 2545 1385 2573 a
1405 2545 1524 2586 pena
1545 2545 1603 2574 ne
1624 2531 1870 2574 haueremo

213 2605 369 2650 luoco.

302 2683 339 2727 11
361 2684 415 2727 Ρ.
440 2685 500 2728 D.
527 2683 683 2728 Pietro
705 2685 764 2728 da
786 2685 835 2730 S.
861 2684 1023 2729 Nicola
1043 2682 1090 2728 di
1113 2683 1324 2744 Venetia,
1344 2698 1604 2742 compagno
1625 2685 1698 2729 del
1722 2686 1869 2729 Padre

212 2761 273 2804 D.
300 2760 601 2815 Bernardino,
621 2762 851 2807 uorrebbe
872 2763 958 2806 che
976 2762 1096 2806 fosse
1112 2760 1288 2806 auisata
1304 2762 1400 2807 Sua
1417 2761 1592 2806 Reu.tia
1610 2763 1869 2819 qualmente

285 2904 296 2926 ¹
349 2902 639 2951 «Hieronymus
657 2903 698 2940 in
714 2903 869 2940 duobus
887 2903 985 2940 locis
1005 2909 1116 2940 extra
1134 2908 1175 2940 et
1192 2915 1314 2952 prope
1332 2905 1470 2940 urbem
1487 2904 1808 2949 concionabatur,
1827 2912 1867 2941 et

212 2973 263 2998 ex
279 2961 385 2999 villis
402 2962 544 2999 vicinis
560 2963 750 3011 frequens
766 2963 989 3000 auditorum
1016 2974 1231 2999 concursus
1255 2962 1304 2999 ad
1330 2965 1497 3000 verbum
1526 2964 1602 3000 Dei
1628 2964 1865 3000 audiendum

214 3021 363 3065 aderat,
391 3021 459 3070 qui
482 3021 783 3070 Hieronymum,
813 3023 982 3059 necdum
1007 3022 1266 3065 sacerdotem,
1298 3022 1347 3059 ad
1373 3023 1513 3059 Missas
1539 3023 1726 3060 dicendas
1752 3030 1793 3060 et
1818 3024 1866 3059 ad

214 3080 430 3118 audiendas
446 3081 717 3120 confessiones
735 3084 999 3130 urgebant...»
1018 3083 1264 3128 POLANCUS,
1282 3083 1397 3128 ibid„
1416 3089 1444 3119 t.
1465 3092 1491 3126 1,
1511 3094 1601 3131 pag.
1618 3092 1701 3126 222,
1721 3095 1760 3119 n.
1784 3083 1862 3119 181.

360 3152 555 3183 Emsrouss
573 3153 720 3190 Mnxut,
741 3161 817 3184 rou.
838 3161 860 3184 1.
1579 3155 1615 3183 2⁴¹
