2196 3548
367 280 441 329 404
971 288 1209 323 EPISTOLAE
1236 287 1404 322 M1xTAE

371 385 582 441 perjuizo.
616 387 747 430 Estes
774 388 899 431 forao
925 402 976 430 os
1005 401 1091 442 que
1119 386 1328 442 primeiro
1355 401 1438 430 nos
1465 392 1740 431 emcertarao
1776 389 1882 445 aqui
1913 388 2002 436 eon

366 476 484 518 pena
510 463 861 517 deseomunhao,
896 464 978 507 dos
1007 478 1145 519 quaes
1177 477 1260 506 nos
1286 478 1443 506 menos
1474 478 1501 507 o
1535 478 1864 520 esperauamos.
1900 467 1938 511 F
1939 482 1998 525 oy

364 539 594 583 necesario
615 541 822 585 eederlhe
843 556 868 585 e
893 541 1102 597 despedir
1129 555 1179 583 os
1208 540 1400 584 ofeciaes
1432 555 1514 597 por
1542 556 1634 584 non
1661 542 1742 585 dar
1773 557 1863 598 que
1884 545 1999 589 salar

363 630 390 659 a
411 623 565 672 gente,
598 631 623 661 e
649 631 698 661 se
728 617 1120 670 escandalizarem,
1150 631 1243 660 sem
1276 617 1385 660 elles
1412 623 1552 661 terem
1581 632 1668 661 con
1699 623 1831 663 rezao
1857 620 1915 665 de
1945 635 1998 666 se

364 692 566 748 queixar.

452 771 667 814 Tambem
688 771 860 814 lembro
881 786 908 814 a
929 772 984 814 V.
1013 773 1066 813 R.
1093 770 1268 827 aquelle
1289 769 1481 826 negocio
1503 770 1561 813 do
1590 777 1816 827 trespaear
1841 773 1997 830 daquy

360 860 467 903 pera
504 854 658 890 outras
696 847 920 903 religi6es,
952 861 1040 902 que
1068 846 1179 889 mais
1208 860 1296 901 que
1325 846 1434 888 tudo
1466 861 1549 889 nos
1580 846 1788 903 importa,
1821 863 1997 906 porque

360 923 503 967 Santo
525 923 726 967 Antonio
747 938 830 966 nos
852 924 1057 966 combate
1079 922 1418 978 grandemente,
1439 936 1464 966 e
1481 923 1674 979 especial
1697 925 1844 968 Pedro
1861 927 1995 970 Men-

360 1001 459 1052 dez,
491 1015 579 1056 que
607 1015 682 1044 cre
710 1015 798 1055 que
835 1001 904 1042 faz
933 998 1161 1044 sacreficio
1194 1013 1264 1042 ern
1296 1013 1379 1042 nos
1416 999 1650 1055 persuadir
1677 1015 1703 1043 a
1729 1001 1922 1058 seguilo,
1945 1011 1995 1048 et

298 1095 301 1099 ’
361 1077 513 1120 multis
534 1077 704 1120 nocuit:
730 1084 775 1120 et
796 1076 898 1120 ideo
919 1078 976 1119 da
992 1091 1189 1132 operam,
1217 1078 1367 1128 Pater,
1389 1082 1439 1119 ut
1460 1075 1507 1119 id
1522 1076 1795 1132 verificetur3
1810 1085 1995 1124 'memor

358 1153 420 1197 sis
441 1154 575 1197 etiam
597 1155 654 1197 de
675 1153 833 1210 gratiis
854 1153 1041 1196 aliorum
1064 1152 1272 1195 ordinum
1288 1152 1596 1208 impetrandis,
1615 1153 1780 1209 quibus
1797 1155 1992 1201 maxime

358 1229 631 1286 indigemus,
672 1237 717 1273 et
745 1231 801 1273 de
832 1230 1041 1273 omnibus
1077 1228 1190 1281 aliis,
1224 1243 1339 1284 quae
1374 1230 1575 1273 habebas
1602 1230 1649 1273 in
1686 1231 1775 1275 tuis
1811 1232 1993 1289 seriptis

358 1313 533 1360 notata,
564 1321 663 1360 nec,
694 1306 883 1350 diversis
910 1305 1104 1362 negotiis
1129 1312 1394 1362 occupatus,
1434 1306 1649 1350 oblivioni
1684 1308 1835 1352 tradas
1871 1323 1991 1365 quae

358 1383 490 1426 nobis
512 1390 601 1427 tam
624 1382 876 1427 necessaria
897 1390 1015 1426 sunt.

445 1460 616 1517 Queria
630 1460 679 1516 ja
700 1461 781 1504 dar
801 1461 864 1503 fin
886 1476 912 1504 a
933 1466 1044 1512 esta,
1070 1461 1149 1503 sed
1171 1459 1281 1515 quid
1304 1459 1479 1512 faciam,
1506 1459 1612 1515 quia
1637 1467 1786 1505 tecum
1807 1462 1991 1519 loquor?

355 1539 390 1581 F
393 1537 528 1580 iniam
552 1544 718 1591 tamen,
744 1537 864 1593 quia,
890 1543 1059 1592 quanto
1086 1535 1232 1592 magis
1254 1535 1335 1579 tibi
1364 1535 1509 1580 fusius
1540 1537 1780 1581 scribendo
1796 1553 1868 1583 me
1889 1538 1988 1583 exi-

353 1614 487 1658 stimo
508 1614 694 1667 saciare,
720 1614 870 1657 minus
890 1613 935 1656 id
957 1627 1223 1668 consequar,
1244 1612 1350 1669 quia
1366 1602 1517 1657 tamen
1534 1621 1816 1670 praesentem
1834 1622 1879 1659 te
1893 1630 1989 1660 non

354 1692 500 1735 habeo
521 1698 567 1747 et
589 1691 755 1747 scripta
776 1706 868 1734 non
890 1690 1075 1733 saciant.

441 1769 513 1811 Do
542 1768 688 1811 Padre
721 1767 891 1811 Poncio
917 1768 926 1788 ¹
953 1767 1130 1822 quisera
1161 1780 1385 1820 esereuer,
1416 1782 1512 1811 mas
1539 1769 1695 1812 abasta
1725 1783 1813 1824 que
1840 1770 1897 1814 V.
1924 1771 1981 1814 R.

351 1842 426 1888 lhe
447 1845 504 1889 de
523 1846 586 1888 hu
607 1846 744 1900 braeo
774 1858 854 1901 por
875 1844 967 1896 mil,
994 1859 1018 1887 a
1048 1850 1173 1887 troco
1194 1845 1254 1887 do
1282 1845 1387 1900 qual
1414 1859 1486 1889 me
1514 1860 1540 1888 a
1566 1845 1624 1888 de
1644 1846 1725 1888 dar
1755 1847 1847 1889 hfia
1867 1845 1985 1891 Misa

349 1936 408 1966 en
430 1921 677 1978 penitentia
697 1921 754 1965 de
781 1935 930 1964 nunea
962 1919 1075 1964 mais
1094 1914 1275 1964 vvermos
1304 1935 1449 1964 nouas
1481 1921 1581 1964 dele
1607 1935 1687 1978 per
1714 1936 1796 1965 sua
1822 1922 1936 1966 letra
1955 1936 1984 1966 a

351 2004 478 2042 tanto
506 2005 673 2054 tempo.

438 2076 562 2119 Noso
585 2075 761 2119 Senhor
783 2089 866 2118 nos
887 2075 944 2117 de
965 2089 990 2117 a
1014 2075 1143 2118 todos
1165 2089 1247 2118 sua
1268 2089 1406 2131 grapa
1422 2075 1653 2132 comprida
1672 2089 1780 2132 pera
1801 2089 1890 2131 que
1909 2089 1981 2119 ern

350 2149 456 2194 todo
477 2151 819 2208 perfeitamente
840 2166 867 2194 o
889 2166 1137 2207 syruamos.

438 2230 508 2272 De
531 2227 743 2271 Coimbra
764 2243 790 2271 a
814 2240 864 2271 21
890 2229 946 2271 de
967 2229 1203 2272 Setembro
1225 2229 1282 2272 de
1309 2240 1382 2283 47.

438 2307 588 2358 Pater,
614 2319 672 2348 ne
692 2303 866 2348 mireris
887 2306 944 2347 do
967 2306 1114 2348 frueto
1136 2320 1225 2361 que
1246 2312 1380 2349 conta
1395 2321 1421 2349 a
1436 2312 1560 2349 carta
1576 2307 1633 2350 de
1650 2306 1858 2350 Belchior
1878 2307 1981 2351 Nu—

347 2396 447 2435 neZ,
473 2396 645 2438 porque
666 2386 754 2425 nao
780 2395 829 2424 se
850 2382 966 2437 pode
993 2395 1202 2425 escreuer
1224 2388 1394 2437 quanto
1421 2397 1533 2425 noso
1562 2383 1739 2427 Senhor
1769 2396 1818 2426 se
1839 2381 1982 2439 digna

346 2460 494 2512 obrar,
519 2473 545 2502 e
567 2473 615 2503 se
635 2472 685 2502 se
706 2459 920 2502 oubesem
943 2459 1183 2503 desereuer
1199 2474 1250 2502 as
1266 2459 1678 2516 particularidades,
1698 2474 1774 2503 era
1789 2473 1981 2516 nunqua

345 2537 524 2580 acabar.

1202 2614 1330 2656 Tuus
1351 2612 1398 2655 in
1419 2612 1632 2665 Domino,

1458 2691 1734 2734 GUomNth.

431 2767 780 2822 Superscriptio:
802 2765 831 2823 †
854 2766 926 2809 Ao
958 2781 1060 2810 meu
1091 2767 1238 2810 Padre
1265 2781 1337 2811 em
1370 2768 1486 2823 Xpo.
1514 2780 1542 2809 o
1571 2767 1716 2810 Padre
1747 2766 1979 2811 Martinho

342 2844 399 2887 de
422 2844 591 2888 Sancta
613 2844 747 2886 CruZ.

416 3012 424 3032 ¹
477 3009 638 3045 Pontius
656 3008 922 3055 Cogordanus.

2162 2864 2196 3230 ‘Quamquam-³1
2175 2738 2196 2855 ..uffa-pf..
2189 2707 2196 2711 .
2189 2653 2194 2660 .
