2196 3548
967 218 1046 254 ΑΝ.
1079 226 1171 264 1547
1825 235 1895 272 445

1012 463 1115 506 ¹31

770 571 1094 607 BALTHASAR
1121 570 1367 608 TURIANO

549 674 764 717 PATRI
811 674 1116 718 IGNATIO
1163 674 1253 718 DE
1301 674 1591 718 LOYOLA

659 795 952 823 CASTELLIONE
978 794 1025 832 27
1050 795 1294 823 uovmfflms
1323 795 1414 832 1547
1443 789 1471 824 ¹.

238 887 302 924 De
318 887 450 925 fructu
467 900 518 924 ex
534 888 791 925 concionibus
809 888 976 937 aliisque
1001 888 1230 926 ministeriis
1254 889 1299 925 P.
1325 889 1654 937 Landini.—Ejus
1673 890 1896 930 indefessus

309 935 420 973 labor
437 941 479 973 et
495 938 697 984 praeclara
714 937 906 974 virtutum
924 937 1289 985 exempla.—Illum
1302 937 1407 985 apud
1424 949 1467 973 se
1481 937 1629 974 diutius
1644 939 1816 976 retinere
1830 953 1895 977 ex-

309 989 461 1032 optant.

327 1087 472 1132 Molto
493 1087 604 1132 R.d0
627 1075 776 1132 Padi-e
798 1088 873 1132 nel
895 1087 1108 1145 Signore.

328 1165 482 1223 Prego
502 1166 561 1210 V.
587 1166 642 1209 R.
669 1179 728 1209 ne
750 1164 905 1223 uoglia
925 1164 1166 1209 conceder'
1196 1165 1396 1209 anchora
1423 1179 1504 1222 per
1530 1166 1714 1210 alchuni
1741 1167 1891 1224 giomi

235 1242 279 1288 el
298 1249 456 1288 nostro
479 1243 629 1287 Padre
651 1245 852 1288 Maestro
872 1241 1121 1287 Dominum
1143 1241 1366 1287 Siluestro
1386 1242 1610 1298 Landino,
1636 1245 1828 1290 facendo
1860 1247 1889 1290 il

234 1319 433 1379 Signore
453 1335 534 1378 per
555 1335 684 1365 mezo
705 1335 790 1365 suo
805 1321 947 1364 molto
966 1320 1115 1364 fructo
1135 1319 1184 1363 in
1200 1319 1349 1377 questi
1368 1318 1503 1377 parti,
1523 1324 1758 1366 mettendo
1775 1338 1890 1368 con-

233 1398 388 1444 cordia
407 1399 527 1444 nelle
547 1413 668 1452 case,
693 1399 812 1443 nelle
832 1397 1085 1450 vicinanze,
1110 1398 1230 1442 116116
1245 1397 1480 1443 comunita
1493 1399 1602 1443 luna
1618 1414 1722 1444 cum
1739 1402 1885 1455 laltra‚

231 1483 279 1522 et
300 1482 370 1521 tra
391 1475 701 1534 questionanti
723 1490 828 1520 cum
851 1490 975 1520 arme
995 1482 1043 1520 et
1064 1474 1202 1529 feriti,
1226 1481 1273 1519 et
1289 1490 1402 1532 pace
1419 1476 1488 1520 fra
1504 1477 1669 1521 nemici
1686 1480 1888 1535 possenti

230 1568 259 1600 a
279 1548 514 1599 nendicar’
536 1568 603 1608 se,
627 1555 749 1598 doue
769 1568 847 1598 era
867 1552 1161 1598 interuenuto
1181 1559 1328 1597 morte
1347 1553 1394 1597 di
1424 1569 1618 1611 persone
1644 1557 1885 1613 graduate,

228 1632 518 1691 procurando
537 1631 584 1676 di
608 1632 692 1682 far’
716 1631 928 1676 ritornar'
950 1629 982 1673 li
1006 1629 1110 1674 frati
1131 1630 1219 1674 3116
1240 1630 1341 1675 suoi
1363 1631 1591 1689 religioni,
1617 1639 1663 1677 et
1684 1635 1884 1678 souenir’

228 1725 257 1756 a
276 1708 495 1755 conuenti
514 1716 562 1754 et
581 1708 758 1767 poueri,
782 1708 1013 1766 operando
1034 1708 1154 1752 nelle
1175 1714 1311 1764 terre,
1337 1710 1423 1753 che
1442 1708 1482 1753 si
1502 1724 1616 1754 sono
1640 1711 1751 1755 fatte
1772 1726 1885 1756 con-

225 1787 453 1834 stitutioni
465 1821 483 1843 ,.
515 1793 562 1832 et
597 1788 749 1832 leuate
784 1787 826 1831 16
862 1785 1099 1841 bestemie,
1139 1793 1186 1831 et
1222 1787 1465 1831 observate
1501 1787 1544 1832 16
1574 1788 1710 1843 feste,
1743 1790 1880 1847 quali,

227 1872 401 1923 quanto
419 1864 566 1924 prima
586 1879 726 1910 erano
746 1863 826 1922 pisi
847 1862 1023 1917 discoli,
1049 1865 1161 1908 hora
1182 1879 1296 1908 sono
1317 1863 1396 1922 pisi
1418 1879 1534 1922 gran
1562 1866 1666 1910 luce
1686 1865 1761 1909 alli
1793 1867 1883 1910 cir-

186 1995 191 2000 ,
225 1942 476 2005 cunuicini,
499 1942 776 2001 predicando
796 1957 879 2000 per
899 1941 1079 1986 diverse
1099 1941 1260 1999 ghiese
1280 1949 1327 1987 et
1347 1942 1504 1999 piazze
1524 1943 1646 1987 doue
1668 1958 1719 1987 sa
1740 1947 1880 1988 esser’

223 2020 532 2077 moltitudine,
557 2020 891 2066 comunicando
914 2020 1026 2078 ogni
1050 2020 1165 2064 festa
1185 2021 1271 2064 hor
1291 2019 1426 2074 dieei‚
1450 2022 1537 2064 hor
1559 2020 1777 2078 quindici,
1797 2024 1882 2067 hor

221 2106 372 2150 trenta
391 2113 604 2158 persone,
628 2101 713 2143 hor
734 2098 831 2156 pisi,
854 2099 942 2142 hor
959 2113 1114 2153 meno,
1138 2097 1448 2156 rinsegnando
1470 2099 1621 2156 doppo
1636 2114 1827 2156 vespero
1849 2101 1880 2144 li

219 2174 603 2231 comandamenti,
635 2175 845 2221 faciendo
874 2177 1155 2232 frequentar'
1185 2175 1296 2234 ogni
1323 2177 1370 2220 di
1397 2177 1441 2220 13
1468 2176 1645 2234 ghiesia
1672 2177 1730 2221 ad
1757 2178 1877 2221 udir’

217 2257 264 2302 la
282 2269 449 2310 mesm,
473 2257 560 2300 che
581 2254 727 2312 prima
749 2255 973 2299 faceuono
993 2254 1092 2298 solo
1113 2255 1156 2299 16
1178 2255 1294 2299 feste
1309 2269 1338 2298 o
1360 2269 1478 2308 raro,
1504 2261 1550 2299 et
1566 2269 1658 2298 non
1675 2256 1878 2312 perdona

217 2333 250 2379 li
266 2327 367 2379 suoi
382 2333 544 2387 lauori,
565 2335 734 2391 perche
749 2332 853 2376 dice
867 2333 912 2376 13
927 2347 1078 2376 messa
1093 2347 1120 2376 3
1135 2332 1317 2376 laurora
1333 2332 1443 2390 ogni
1460 2332 1666 2386 mattina,
1687 2340 1876 2390 eccepto

217 2413 262 2458 16
281 2413 414 2467 feste,
438 2411 678 2456 inuitando
700 2411 788 2455 alla
809 2418 940 2454 santa
961 2409 1183 2468 religione
1202 2409 1399 2468 virgine,
1425 2409 1633 2464 fanciuli,
1658 2417 1705 2454 et
1725 2410 1875 2454 homi-

215 2490 280 2546 ni,
303 2497 352 2536 et
372 2489 451 2549 gia
470 2504 529 2535 ne
550 2489 730 2534 sariano
752 2487 923 2542 uestiti,
949 2503 998 2532 se
1025 2487 1056 2531 li
1087 2487 1256 2533 Prelati
1283 2503 1376 2532 non
1403 2487 1686 2532 differisseno
1718 2502 1799 2545 per
1830 2489 1873 2532 la

141 2575 144 2578 ’
214 2568 500 2628 probatione.

285 2751 298 2773 ¹
347 2749 409 2786 Ex
425 2748 670 2796 autographo
688 2747 729 2783 in
747 2747 825 2782 vol.
846 2746 896 2791 A,
916 2745 1033 2782 unico
1051 2744 1159 2790 folio,
1178 2757 1218 2781 n.
1241 2753 1322 2792 179,
1342 2746 1449 2794 prius
1473 2745 1671 2792 304—De
1696 2746 1768 2782 hac
1786 2747 1867 2794 epi>

208 2810 312 2848 stola
328 2810 427 2847 haec
443 2810 638 2846 Polancus
656 2807 809 2852 scribit,
831 2806 1074 2848 Chronicon,
1095 2811 1124 2842 t.
1142 2815 1170 2851 1,
1185 2817 1275 2854 pag.
1291 2805 1375 2852 235:
1397 2805 1612 2844 «Officialis
1629 2806 1748 2842 etiarn
1767 2807 1865 2842 Mar-

182 2880 183 2883 ’
208 2869 361 2908 chionis
373 2869 424 2907 de
437 2870 647 2907 Feleaerro
661 2868 756 2916 (sic)
771 2879 850 2904 non
868 2866 1042 2915 privatas
1056 2872 1210 2903 tantum
1227 2878 1430 2914 personas,
1445 2866 1516 2902 sed
1530 2868 1695 2914 populos
1713 2867 1762 2902 ad
1775 2878 1864 2903 con-

207 2929 429 2968 cordiam...
445 2929 626 2966 redactos
643 2929 856 2965 affirmat...
878 2926 1001 2963 Addit
1019 2927 1138 2963 etiam
1157 2926 1336 2963 officialis
1349 2926 1452 2974 quod
1467 2927 1621 2962 labores
1640 2926 1863 2963 indefessus
1887 2974 1889 2977 Α

208 2990 255 3029 Ρ.
270 2990 478 3039 Sylvester
494 2988 734 3027 sustineat...
751 2988 845 3024 Ideo
860 2988 904 3023 P.
920 2987 1118 3034 Ignatium
1135 2988 1331 3033 obsecrat,
1349 2999 1400 3023 ne
1418 2987 1535 3024 Patre
1554 2987 1760 3034 Sylvestro
1778 2998 1862 3034 pro-

210 3051 382 3090 vinciam
398 3051 506 3088 inam
520 3050 688 3098 privet.»
