2196 3548
347 262 418 309 356
954 267 1191 301 EplsTOLAE
1218 264 1385 301 M=1xrAE

1101 535 1214 577 los

804 643 1129 679 CARDINALIS
1157 641 1524 679 AUGUSTANUS

728 757 971 799 PATRI
1011 755 1378 799 CLAUDIO
1414 756 1598 813 JAIO

871 872 1040 910 DILINGA
1063 874 1104 909 18
1125 883 1286 909 APRILIS
1309 882 1399 919 1547
1427 876 1453 909 ¹.

336 972 520 1009 Gaudere
538 985 580 1009 se
598 973 647 1009 de
665 973 869 1019 diligentia
887 973 1013 1009 Patris
1033 973 1121 1019 Jaii:
1142 974 1276 1008 dolere
1295 979 1426 1009 autem
1443 974 1547 1021 quod
1566 974 1747 1022 Synodus
1764 975 1982 1013 Bononiam

743 1021 1223 1068 transferatur.—Anceps
1247 1021 1401 1056 consilii
1425 1022 1574 1058 haeret.

426 1132 536 1177 R.d0
560 1136 675 1178 Mro.
703 1134 912 1187 Claudio,
938 1134 1030 1177 mio
1055 1135 1231 1178 fratello
1254 1134 1300 1178 in
1323 1135 1506 1178 Christo
1529 1135 1809 1180 charissimo.
1835 1138 1894 1195 Jo
1912 1138 1981 1194 ‚ho

336 1210 543 1255 riceuuto
581 1217 698 1255 tutte
725 1212 766 1254 le
794 1219 949 1255 uostre
976 1211 1287 1267 copiosissime
1322 1211 1448 1256 litere
1474 1211 1661 1256 insieme
1690 1227 1779 1256 con
1806 1213 1870 1270 gli
1896 1214 1980 1259 de-

330 1287 443 1331 creti
465 1286 527 1330 dil
549 1294 813 1331 sacrosanto
836 1287 1061 1340 Concilio,
1088 1294 1134 1331 et
1155 1289 1297 1331 molto
1316 1303 1432 1332 sono
1450 1295 1669 1332 contento
1687 1290 1806 1333 della
1821 1297 1981 1334 uostra

337 1363 578 1421 diligenza,
602 1364 721 1408 della
744 1365 876 1420 quale
898 1379 956 1408 ue
977 1364 1199 1421 ringratio
1223 1366 1279 1408 de
1302 1379 1454 1409 cuore.

424 1442 500 1485 Ma
527 1448 698 1496 quanto
727 1441 813 1485 alla
850 1440 1144 1485 translatione
1180 1441 1242 1484 dil
1264 1441 1472 1485 Concilio
1502 1457 1527 1485 a
1558 1443 1785 1499 Bologna,
1815 1443 1862 1487 io
1881 1458 1979 1488 non

333 1532 471 1574 posso
493 1533 551 1562 ne
572 1518 722 1561 debbo
745 1533 954 1561 mancare
976 1519 1020 1560 d'
1045 1517 1221 1561 auisare
1243 1520 1326 1562 che
1349 1519 1512 1575 quella,
1533 1533 1627 1562 non
1651 1520 1902 1564 solamente
1917 1522 1980 1564 ha

331 1595 460 1638 datto
482 1594 724 1638 malissima
746 1594 1049 1638 satisfattione
1071 1595 1157 1639 alla
1185 1595 1379 1638 Cesarea
1407 1579 1596 1648 Maesta,
1628 1611 1701 1639 ma
1729 1598 1930 1643 anchora
1950 1611 1980 1640 a

332 1670 438 1713 tutti
475 1670 541 1727 gli
577 1670 789 1714 catholici
826 1670 954 1726 quasi
991 1670 1320 1726 desperatione.
1349 1673 1406 1714 Et
1433 1678 1558 1715 certo
1593 1679 1753 1727 questa
1778 1672 1913 1717 uiene
1949 1687 1978 1716 a

332 1746 632 1804 grandissima
653 1746 1000 1790 discommodita
1026 1747 1143 1790 della
1169 1761 1278 1790 cosa
1304 1749 1422 1791 della
1448 1747 1684 1805 religione,
1717 1750 1823 1804 qual
1844 1749 1977 1794 facil-

329 1830 480 1867 mente
516 1830 651 1880 potea
687 1838 836 1867 essere
872 1825 1052 1868 redutta
1073 1838 1151 1880 per
1171 1823 1247 1867 uia
1273 1824 1335 1867 dil
1373 1831 1637 1868 sacrosanto
1667 1825 1892 1879 Concilio,
1924 1841 1975 1871 se

330 1900 425 1944 sose
446 1907 566 1943 stato
589 1900 634 1944 in
656 1901 830 1957 luogho
860 1900 904 1943 di
933 1901 1178 1945 Germania
1205 1901 1490 1946 continuato.
1524 1903 1582 1945 Et
1609 1917 1658 1945 se
1680 1905 1852 1947 Messer
1871 1904 1973 1947 Do-

328 1976 452 2020 mino
474 1977 564 2020 Dio
587 1992 681 2020 non
702 1978 898 2022 remedia
919 1992 997 2033 per
1019 1993 1101 2021 sua
1123 1978 1284 2034 gratia,
1310 1978 1355 2021 io
1378 1993 1450 2022 me
1471 1979 1634 2023 dubito
1658 1980 1702 2022 d’
1728 1993 1822 2023 uno
1844 1980 1970 2024 Con—
2031 2010 2034 2012 v

327 2053 432 2097 cilio
454 2053 698 2107 nationale;
725 2069 857 2110 spero
882 2056 988 2110 pero
1011 2056 1095 2098 che
1117 2069 1196 2110 per
1217 2069 1300 2098 sua
1321 2054 1628 2099 misericordia
1649 2055 1836 2100 reduchi
1860 2056 1972 2114 ogni

331 2144 440 2174 cosa
461 2130 508 2174 in
530 2129 740 2187 megliori
764 2130 956 2174 termini.

416 2208 603 2263 Quanto
626 2208 713 2250 alla
734 2209 898 2251 andata
919 2215 1075 2251 uostra
1097 2224 1122 2252 a
1147 2209 1318 2261 Padoa,
1351 2223 1423 2252 me
1445 2209 1572 2265 piace
1601 2211 1674 2252 ch’
1706 2216 1829 2254 seate
1851 2216 1974 2253 stato

324 2284 370 2327 in
394 2283 708 2327 consolatione
736 2299 826 2327 con
854 2284 917 2340 gli
946 2284 1090 2327 uostri
1119 2285 1298 2338 fratelli,
1330 2300 1355 2328 e
1382 2285 1474 2329 Dio
1512 2301 1562 2329 sa
1589 2288 1673 2329 che
1700 2285 1974 2331 desideraria

323 2375 446 2404 esser
467 2360 514 2404 in
536 2360 809 2417 compagnia
830 2375 909 2417 per
926 2361 1066 2405 sentir
1081 2362 1123 2405 le
1140 2369 1296 2406 uostre
1313 2362 1385 2418 pie
1402 2370 1448 2406 et
1465 2363 1592 2406 dotte
1609 2362 1966 2407 conuersationi.

326 2440 401 2482 Ma
423 2452 503 2493 per
523 2437 786 2494 rispondere
808 2454 834 2482 a
857 2444 980 2482 tante
1001 2445 1158 2482 uostre
1180 2438 1308 2483 litere
1330 2446 1376 2483 et
1397 2440 1453 2483 de
1476 2442 1613 2484 Mtro.
1647 2438 1802 2483 Pietro
1829 2438 1971 2483 Cani-

324 2513 410 2567 sio,
436 2528 524 2558 con
546 2515 588 2558 le
609 2514 741 2570 quale
762 2513 1014 2558 desiderate
1042 2529 1172 2571 saper
1198 2516 1241 2559 la
1268 2515 1358 2560 mia
1383 2516 1576 2560 uolonta
1602 2515 1722 2559 circa
1746 2516 1778 2557 1’
1803 2516 1973 2559 andare

326 2592 368 2634 al
390 2591 600 2634 Concilio
624 2592 680 2635 de
710 2591 938 2647 Bologna,
968 2607 1063 2635 non
1090 2591 1215 2636 harei
1246 2593 1424 2636 tardato
1453 2599 1597 2645 tanto,
1615 2607 1678 2636 ‘se
1705 2594 1766 2634 m'
1789 2591 1970 2636 hauessi

326 2675 489 2724 potuto
518 2667 751 2722 risoluere3
782 2683 856 2711 ma
892 2669 955 2711 fin
993 2670 1154 2713 adesso
1177 2684 1257 2725 per
1291 2675 1415 2713 certe
1437 2683 1573 2713 cause
1603 2683 1698 2712 non
1719 2670 1781 2712 ho
1803 2675 1972 2725 potuto

325 2746 600 2792 bonamente
622 2745 911 2788 concludere.
941 2747 1028 2790 Per
1051 2753 1213 2802 questo
1236 2761 1308 2790 me
1336 2746 1517 2790 rimetto
1546 2745 1592 2798 in
1619 2746 1769 2801 quella
1791 2746 1848 2789 de
1874 2747 1993 2790 non·

326 2822 480 2865 andar’
512 2821 559 2865 in
588 2822 816 2878 Bologna,
842 2822 905 2864 fin
943 2829 1070 2866 tanto
1100 2822 1146 2866 io
1169 2838 1242 2867 me
1268 2822 1438 2867 resolui
1465 2822 1727 2867 finalmente
1748 2821 1794 2865 di
1816 2822 1972 2883 quello

400 2946 409 2965 ¹
461 2945 520 2979 Ex
539 2948 783 2991 transumpto
800 2955 946 2979 coaevo
964 2944 1004 2980 in
1028 2946 1106 2980 vol.
1132 2946 1341 2992 Epistolae
1369 2945 1674 2989 Cardinalium,
1694 2944 1842 2992 duplici
1858 2943 1971 2988 folio,

323 3016 362 3038 n.
381 3013 417 3048 9,
436 3002 543 3049 prius
567 3004 740 3048 92.-De
764 3001 911 3040 Ottone
935 3004 1131 3041 Truchses
1156 3017 1234 3040 von
1259 3004 1492 3051 Waldburg,
1519 3005 1752 3051 Augustano
1769 3003 1967 3052 Episcopo

320 3068 360 3098 et
378 3062 590 3106 Cardinali,
610 3062 700 3098 vide
719 3074 849 3109 supra,
869 3062 984 3109 epist.
1006 3063 1065 3099 86.
