2196 3548
316 308 386 352 298
920 310 1157 343 prsToLAE
1185 308 1353 342 MIXTAE

311 408 542 451 Scribeme
563 410 694 452 Mtre.
722 409 900 452 Andres
921 423 1009 463 que
1030 423 1087 451 an
1114 407 1280 462 scripto
1301 411 1328 450 a
1350 409 1406 451 V.
1443 409 1498 450 R.
1523 408 1655 451 sobre
1681 409 1865 472 hazerse
1885 423 1944 452 en

313 483 492 527 Gaudia
512 499 601 527 vna
623 498 728 527 casa
748 485 805 527 de
826 499 1036 541 mugeres
1058 485 1114 527 de
1137 484 1179 526 la
1199 484 1450 539 Compafiia
1474 484 1504 526 ¹.

403 561 457 603 El
482 562 654 604 Doctor
681 561 842 604 Hortiz
871 566 967 604 esta
993 575 1050 604 en
1077 575 1131 603 su
1154 559 1342 617 yglesia:
1373 573 1488 615 pena
1521 559 1656 604 sintio
1680 560 1738 604 de
1772 574 1861 616 que
1886 575 1954 607 no

313 636 481 680 llevase
501 637 647 680 efecto
667 651 722 680 su
744 637 988 693 yntencion
1009 639 1041 679 ².

407 715 652 759 Monsefior
680 715 721 757 el
749 714 929 758 Nuncio
962 713 1107 770 Pogio
1133 727 1216 756 nos
1244 727 1293 756 es
1321 719 1399 756 tan
1425 713 1626 770 propicio
1651 728 1682 770 y
1701 714 1744 758 el
1771 714 1894 767 todo,
1917 729 1953 771 y

315 804 416 833 ama
438 796 563 834 tanto
583 795 610 834 a
631 792 689 835 V.
715 793 790 844 R„
814 805 903 845 que
924 790 990 833 soi
1021 790 1161 846 cierto
1189 789 1442 845 rrescibiria
1468 791 1632 834 mucha
1663 789 1947 846 consolacion

317 880 403 909 con
424 866 536 911 letra
558 882 687 923 suya.
1737 908 1742 914 .

407 942 579 996 Milian,
619 958 679 986 no
715 944 902 987 estando
939 958 1026 986 avn
1055 957 1163 999 muy
1190 942 1535 999 combalescido,
1567 957 1616 986 se
1648 942 1826 990 detiene
1851 949 1950 987 asta

315 1033 405 1075 que
426 1034 564 1076 pasen
585 1026 706 1063 estos
722 1020 909 1063 calores.
1932 1019 1934 1021 ’

404 1097 458 1139 El
478 1097 600 1140 buen
622 1095 855 1151 Mauricio,
881 1110 989 1152 muy
1009 1095 1160 1152 amigo
1180 1096 1253 1138 del
1274 1101 1462 1138 nuestro
1490 1095 1751 1140 charissimo
1777 1096 1950 1141 Doctor

316 1173 476 1225 Nadal,
501 1187 573 1216 me
598 1187 625 1216 a
650 1172 817 1229 scripto
845 1175 974 1215 como
1001 1185 1072 1214 me
1103 1186 1232 1228 spera
1259 1186 1316 1215 en
1346 1165 1576 1225 Mallorca,
1599 1171 1839 1216 aviendolo
1866 1185 1948 1229 asy

315 1249 558 1293 entendido
587 1263 670 1306 por
695 1250 832 1292 letras
858 1249 914 1291 de
943 1250 1000 1292 V.
1026 1250 1100 1300 R.,
1132 1248 1463 1304 preferiendose
1490 1252 1518 1292 a
1537 1262 1626 1303 que
1646 1233 1866 1304 proveeta
1891 1247 1950 1292 de

316 1340 513 1380 manera,
538 1340 626 1381 que
647 1326 794 1382 pueda
815 1324 884 1367 sin
906 1325 1204 1381 ocupaciones
1225 1326 1379 1369 darme
1401 1325 1509 1368 todo
1535 1323 1784 1369 ministerio·
1803 1323 1953 1370 verbi.

316 1404 388 1446 Yo
407 1403 450 1446 16
471 1417 496 1445 6
517 1401 826 1458 rrespondido.

404 1480 602 1522 Nuestro
623 1479 768 1523 Sefior
795 1492 871 1520 sea
898 1477 1088 1533 siempre
1115 1492 1172 1521 en
1199 1478 1241 1521 61
1262 1493 1292 1534 y
1312 1493 1369 1522 en
1398 1478 1543 1522 todos.
1574 1478 1750 1530 Acabo‚
1779 1490 1958 1534 perque

318 1569 390 1598 me
405 1555 584 1598 naman.

403 1631 475 1674 De
495 1630 672 1675 Madrid
695 1642 719 1673 2
742 1631 798 1674 de
814 1630 935 1688 Julio
963 1631 1089 1685 1546.

792 1708 953 1750 Vester
973 1707 1020 1749 in
1042 1708 1159 1763 Xpo.
1186 1707 1398 1751 minimus
1419 1707 1556 1762 filius,

1522 1801 1711 1905 ARZoz.

404 1937 753 1993 Superscriptio:
786 1938 874 1980 Ihs.
907 1936 1017 1980 R.d0
1045 1937 1091 1979 in
1119 1939 1237 1994 Xpo.
1276 1937 1401 1981 Patri
1433 1936 1653 1994 Magistro
1688 1936 1866 1994 Ignatio
1891 1936 1956 1980 de

315 2013 470 2061 Loiola
493 2012 754 2069 Praeposito
776 2013 1013 2058 Societatis
1035 2015 1154 2068 Ihu.,
1179 2015 1364 2068 Romae,
1383 2018 1410 2057 a
1431 2015 1527 2060 S.ta
1547 2013 1691 2060 Maria
1714 2012 1807 2060 dila
1822 2013 1950 2059 Stra--

317 2091 390 2143 da,
415 2103 596 2146 apresso
617 2091 712 2134 S.t0
734 2092 902 2134 Marco.

390 2298 398 2318 ¹
450 2296 558 2342 Lege
581 2307 681 2344 quae
705 2296 820 2343 epist.
846 2304 891 2342 77
909 2296 1162 2343 subjecimus.
1194 2297 1332 2332 Plures
1356 2296 1474 2341 enim,
1506 2308 1654 2345 eaeque
1682 2295 1958 2336 nobilissimae

317 2360 529 2399 matronae,
545 2354 733 2390 Societati
751 2367 793 2390 se
812 2354 965 2391 tradere
984 2357 1183 2401 volebant,
1202 2361 1246 2392 ut
1263 2368 1312 2392 ex
1330 2355 1597 2403 superioribus
1614 2360 1736 2405 patet.

385 2416 399 2436 2
450 2414 643 2450 Nimirum
672 2419 715 2449 ut
744 2414 786 2452 in
809 2414 1047 2451 Societatem
1069 2414 1298 2454 transferret
1321 2415 1602 2460 sacerdotium,
1630 2414 1729 2459 sive,
1754 2419 1803 2453 ub
1824 2413 1949 2461 njunt,

315 2472 550 2511 beneficium
567 2473 889 2518 ecclesiasticum,
908 2474 1011 2521 quod
1029 2475 1199 2510 habebat
1216 2475 1256 2510 in
1275 2487 1345 2512 suo
1368 2474 1510 2523 oppido
1528 2474 1760 2522 Galapagar,
1780 2473 1848 2510 ubi
1864 2472 1956 2525 ipse

315 2534 387 2569 hac
410 2532 459 2568 de
488 2544 606 2569 causa
634 2533 876 2568 versabatur.
908 2533 970 2572 Ad
987 2546 1069 2570 rem
1087 2535 1329 2581 POLANCUS,
1363 2533 1604 2578 Chronicon,
1628 2538 1656 2568 t.
1687 2542 1714 2577 1,
1745 2543 1835 2582 pag.
1867 2539 1955 2578 17o,.

315 2604 353 2628 n.
376 2591 455 2632 116:
478 2591 601 2628 «Cum
619 2591 754 2627 doctor
772 2590 945 2629 Ortizius
963 2605 1031 2640 pro
1050 2605 1119 2629 sua
1137 2605 1231 2640 erga
1248 2593 1486 2629 Societatem
1505 2592 1693 2629 charitate
1716 2591 1766 2630 de
1782 2590 1949 2643 quadam

314 2651 505 2704 paroecia,
524 2662 623 2699 quae
642 2650 808 2699 pingues
833 2651 1039 2687 admodum
1062 2652 1210 2691 reditus
1234 2653 1418 2698 habebat,
1445 2664 1514 2700 per
1538 2651 1812 2689 auctoritatem
1835 2649 1958 2691 Sedis,

316 2708 567 2760 Apostolicae
585 2709 640 2744 ita
656 2708 810 2756 disponi
827 2715 1001 2756 cuperet,
1022 2716 1064 2746 ut
1083 2723 1182 2749 unus
1201 2723 1250 2747 ex
1269 2710 1501 2759 professis...
1520 2710 1735 2749 animarum
1757 2711 1952 2757 guberna-

315 2768 411 2806 tioni
430 2772 645 2818 praeesset,
670 2767 819 2806 reditus
850 2774 978 2805 autem
1004 2766 1051 2805 ad
1078 2770 1241 2807 alendos
1264 2770 1519 2806 scholasticos
1549 2769 1805 2806 Soeietatis...
1837 2769 1952 2806 Com-

316 2827 415 2880 pluti
438 2832 774 2873 converterentur3
802 2828 954 2864 etiamsi
973 2830 1012 2864 in
1033 2841 1173 2877 magna
1190 2830 1396 2878 penuria...
1421 2829 1613 2876 [Ignatius
1631 2827 1688 2876 id]
1709 2841 1788 2866 non
1811 2826 1957 2880 permi-

317 2886 381 2931 sit;
402 2886 471 2922 sed
493 2886 640 2932 gratias
666 2898 849 2932 agens....
870 2894 1138 2934 paupertatem
1156 2889 1300 2925 nostris
1326 2889 1513 2937 professis
1536 2888 1748 2937 diligenter
1765 2899 1854 2928 esse
1871 2900 1957 2925 ser—

319 2944 485 2980 vandam
503 2945 743 2992 rescripsit.»
