2196 3548
874 305 953 341 AN·
985 312 1074 350 1547
1725 318 1791 354 451

141 411 232 454 che
247 408 565 466 junctamente
587 406 859 464 insegnano,
884 406 1050 463 legano
1072 412 1118 450 et
1140 406 1465 450 demonstrano
1487 422 1638 452 amare
1660 417 1705 452 et
1729 418 1795 454 te-

143 500 273 531 mere
293 484 406 538 Idio,
431 491 477 528 et
505 483 789 528 industriano
817 482 864 526 in
893 482 1094 546 cristiani
1123 496 1261 539 opere
1282 491 1327 526 et
1349 483 1557 540 exercicij
1588 485 1795 539 virtuosi,
1839 484 1845 490 “

149 562 313 621 poiche
333 561 366 606 il
386 560 608 619 principio
630 567 677 604 et
700 561 998 604 fundamento
1019 560 1077 604 de
1098 560 1141 603 la
1161 559 1392 616 sapiencia
1423 561 1449 604 e
1481 561 1524 604 lo
1557 561 1710 605 timuri
1742 564 1799 607 de

147 639 262 694 Idio,
287 645 334 684 et
354 639 399 683 la
419 637 671 695 reipublica
693 644 820 682 tanto
842 639 868 682 e
889 638 1162 695 gubernata,
1193 643 1366 693 quanto
1397 638 1423 680 e
1455 637 1602 695 regita
1629 639 1688 683 de
1714 640 1800 683 viri

146 715 360 775 sapienti,
385 722 432 760 et
453 717 540 760 che
561 730 724 759 amano
745 716 788 758 la
809 714 1046 772 sapientia.
1071 715 1316 759 Deseando
1337 716 1423 759 che
1450 715 1497 758 in
1527 724 1688 771 questa
1716 732 1800 761 no-

149 793 232 842 bili
251 793 344 838 cite
363 794 421 838 de
443 792 644 838 Messina
665 794 860 837 hauesse
881 806 1074 849 persone
1094 790 1181 836 che
1202 798 1436 848 potessero
1460 793 1554 836 fare
1575 800 1621 836 et
1649 793 1801 838 inten-

145 873 260 917 dere
280 870 329 915 in
349 871 381 915 li
402 870 664 928 supradecti
685 869 853 923 effecti,
878 869 1076 914 videndo
1098 870 1141 913 la
1163 884 1279 927 gran
1295 868 1547 914 cristianita
1562 877 1609 914 et
1625 885 1802 916 summa

150 947 402 1007 prudencia
422 949 480 992 de
501 950 670 992 Vostra
692 946 885 1001 Exc.cia‚
910 954 957 991 et
977 947 1021 991 18
1042 947 1164 990 bona
1184 945 1424 990 occasione
1445 948 1532 991 che
1560 948 1585 991 e
1617 962 1705 992 con
1733 956 1802 993 te—

147 1040 264 1071 nere
282 1040 375 1070 vno
397 1024 612 1083 Principe
633 1025 679 1069 di
702 1032 780 1069 tan
803 1024 1043 1069 excellenti
1065 1023 1183 1082 parti
1205 1030 1252 1068 et
1272 1023 1433 1067 virtuti
1455 1039 1586 1069 come
1602 1027 1628 1070 e
1646 1027 1703 1070 V.
1726 1028 1800 1081 E.,

147 1105 240 1150 che
261 1104 479 1149 mandata
500 1103 698 1148 fauorire
719 1103 750 1146 li
772 1117 909 1160 opere
929 1102 1005 1147 del
1024 1101 1213 1147 seruitio
1233 1102 1292 1146 de
1312 1101 1409 1146 Idio
1430 1101 1623 1147 virtuosi
1645 1111 1691 1147 et
1707 1104 1806 1147 vtili

152 1196 192 1233 a·
201 1196 294 1226 vna
313 1180 563 1238 reipublica
585 1195 715 1225 come
736 1182 762 1226 e
784 1180 830 1224 di
853 1180 1003 1237 quista
1024 1179 1164 1224 nobili
1192 1179 1298 1233 cita,
1331 1180 1438 1236 qual
1465 1194 1549 1224 con
1580 1196 1664 1225 sua
1691 1182 1806 1226 fide—

149 1258 237 1304 1ita
255 1258 458 1305 notabile
479 1265 525 1303 et
547 1258 752 1303 continui
774 1258 938 1315 seruicj
957 1259 1017 1302 ha
1033 1258 1244 1302 meritato
1261 1272 1413 1302 essere
1433 1258 1590 1302 dotata
1611 1266 1657 1303 et
1679 1259 1807 1303 illus-

150 1342 274 1381 trata
293 1336 341 1380 di
363 1336 527 1394 grandi
550 1336 664 1380 titoli
687 1343 733 1380 et
752 1337 941 1389 honore,
973 1342 1019 1380 et
1047 1349 1178 1380 como
1205 1335 1340 1379 vnica
1367 1336 1478 1393 figla
1501 1337 1575 1380 del
1602 1352 1687 1381 suo
1716 1339 1806 1381 Pa-

152 1420 279 1458 store
309 1420 358 1458 et
389 1415 456 1458 Re
487 1421 719 1471 reputata,
752 1415 813 1457 ha
843 1412 1082 1470 platicato,
1117 1420 1362 1458 conseruto
1399 1420 1445 1458 et
1481 1415 1724 1459 accordato
1761 1415 1808 1459 in

150 1490 437 1536 aiutamento
459 1498 506 1536 et
526 1490 737 1549 consiglo
755 1490 803 1535 di
816 1490 954 1534 >multi
983 1490 1123 1535 nobili
1150 1498 1196 1535 et
1223 1491 1433 1535 honorati
1461 1491 1670 1536 chitatini
1697 1507 1807 1550 sup-

150 1568 326 1627 plicare
351 1569 410 1614 ad
437 1570 605 1614 Vostra
631 1567 810 1612 Exc.cia
837 1570 923 1613 che
950 1567 1017 1612 sia
1044 1568 1216 1613 seruita
1243 1570 1460 1613 mandare
1487 1570 1585 1613 dar’
1620 1570 1810 1615 licencia

156 1661 238 1704 per
258 1645 412 1690 alcuni
432 1645 619 1704 persuni
641 1647 899 1704 exemplare
918 1645 968 1691 in
995 1645 1090 1690 vita
1118 1653 1164 1690 et
1191 1647 1370 1700 lettere,
1404 1648 1539 1703 quale
1568 1647 1617 1690 in
1650 1655 1812 1704 questa

157 1722 300 1768 nobili
320 1723 413 1768 cita
432 1723 614 1781 legano,
639 1730 686 1767 et
706 1723 968 1780 predicano,
993 1731 1040 1768 et
1066 1723 1314 1768 intendano
1341 1724 1389 1767 in
1415 1724 1507 1768 acti
1535 1732 1582 1769 et
1608 1725 1813 1769 exercitii

156 1799 379 1846 cristiani.
403 1802 463 1845 Et
483 1802 652 1858 perche
674 1801 713 1845 si
736 1808 842 1845 tene
861 1815 971 1845 vera
992 1808 1038 1846 et
1059 1801 1317 1847 indubitata
1338 1802 1568 1847 relacione
1589 1804 1675 1847 che
1696 1802 1743 1847 in
1770 1804 1814 1848 la

158 1877 450 1936 Compagnia
470 1885 518 1923 et
546 1878 929 1936 Congregacione
956 1878 1046 1923 deli
1075 1878 1323 1925 Presbiteri
1351 1880 1426 1924 del
1453 1894 1589 1924 nome
1618 1881 1676 1924 de
1701 1883 1814 1939 Jesu

156 1956 248 2001 che
267 1955 451 2014 pei-soni
471 1955 723 2000 doctissimi
745 1967 791 2000 et
813 1955 1158 2014 religiosissimi,
1183 1956 1222 2001 si
1250 1957 1457 2015 supplica
1484 1958 1542 2001 ad
1571 1959 1629 2002 V.
1661 1959 1714 2002 E.
1747 1958 1814 2003 sia

134 2063 137 2065 —
158 2032 333 2078 seruita
352 2032 621 2091 interponiri
643 2034 686 2078 le
708 2048 791 2078 sue
813 2041 957 2091 parte,
983 2034 1106 2078 cussi
1126 2049 1207 2092 per
1227 2035 1485 2092 supplicare
1513 2051 1540 2080 a
1568 2037 1664 2081 Sua
1694 2036 1811 2091 S.t2'1,

155 2123 292 2156 como
312 2125 395 2169 per
414 2110 645 2156 escreuire
666 2113 710 2156 al
731 2113 829 2158 S.re
856 2111 1205 2157 Ambasciatore
1225 2113 1284 2157 de
1304 2114 1400 2158 Sua
1422 2115 1470 2158 M
1477 2113 1531 2157 ,ta
1559 2115 1645 2158 che
1667 2114 1816 2159 reside

159 2188 210 2234 in
239 2190 400 2243 Roma,
435 2195 483 2234 et
513 2189 557 2234 al
590 2191 813 2246 Preposto
842 2190 945 2234 dela
972 2189 1095 2234 dicta
1123 2175 1521 2248 Congregacione,
1556 2193 1642 2236 che
1678 2193 1816 2249 vogla

160 2266 379 2311 mandare
401 2273 584 2323 quattro
605 2266 790 2311 maestri
807 2266 855 2311 in
872 2266 1104 2325 theologia
1120 2269 1206 2312 che
1221 2268 1388 2326 legano
1410 2268 1519 2313 onni
1542 2269 1704 2326 giorno
1726 2284 1818 2313 vna

161 2343 360 2388 lectione
379 2343 428 2388 in
450 2344 698 2402 theologia,
723 2344 838 2388 altra
858 2343 905 2388 di
927 2344 1020 2389 casi
1041 2345 1088 2389 di
1109 2345 1413 2400 consciencia,
1439 2347 1553 2390 altra
1574 2346 1621 2389 in
1638 2353 1751 2400 arte,
1771 2353 1818 2391 et

160 2421 280 2466 altro
301 2428 500 2466 maestro
521 2423 607 2466 che
635 2423 740 2480 lega
766 2421 1066 2479 grammatica
1092 2430 1138 2467 et
1164 2424 1407 2478 rethorica,
1443 2431 1490 2468 et
1521 2426 1607 2468 che
1631 2425 1819 2481 juncta-

164 2506 320 2544 mente
340 2500 568 2544 mandano
590 2499 693 2544 altri
721 2500 852 2544 cinco
879 2499 1081 2558 religiosi
1109 2501 1167 2546 de
1194 2502 1238 2546 18
1265 2501 1388 2546 dicta
1417 2502 1817 2560 Congregacione,

163 2577 334 2634 perche
354 2576 603 2621 intendano
625 2577 672 2620 in
693 2591 831 2635 opere
852 2577 1063 2622 catholici
1085 2585 1132 2622 et
1158 2579 1376 2636 religiosi,
1408 2581 1607 2624 secondo
1635 2580 1678 2624 la
1705 2594 1818 2624 con-

163 2653 411 2699 stitucione
431 2654 479 2699 di
500 2655 598 2699 loro
619 2656 781 2712 regula
802 2656 847 2699 lo
869 2655 1107 2700 comanda:
1133 2662 1179 2700 et
1200 2657 1351 2714 questi
1368 2657 1620 2714 supradetti
1636 2658 1819 2715 personi

138 2745 380 2799 ‘vengssano
400 2739 571 2790 presto,
597 2734 765 2790 perche
793 2748 886 2777 non
915 2733 954 2776 si
982 2733 1141 2778 differa
1169 2748 1277 2779 cosa
1303 2737 1389 2779 che
1419 2742 1547 2778 tanto
1574 2736 1745 2780 resulta
1772 2735 1820 2779 in

10 2842 14 2844 v
161 2808 354 2854 seruitio
375 2810 434 2854 de
452 2810 559 2864 Dio,
585 2811 643 2854 de
671 2811 767 2856 Sua
795 2812 987 2863 Maesta,
1019 2818 1065 2855 et
1096 2811 1314 2856 benefitio
1346 2812 1392 2856 di
1425 2819 1587 2869 questa
1620 2812 1726 2857 cita.
1763 2815 1821 2857 Et

166 2887 334 2944 perche
355 2887 504 2944 questi
525 2887 708 2945 personi
730 2887 932 2946 religiosi
952 2887 1123 2933 viuono
1146 2895 1239 2933 tam
1259 2890 1511 2934 solamente
1532 2891 1590 2934 de
1618 2891 1821 2935 helemo-

165 2962 285 3019 sina,
309 2971 357 3009 et
377 2978 472 3010 non
494 2965 664 3010 temnio
685 2965 886 3023 proprio,
912 2965 950 3009 si
972 2966 1178 3023 supplica
1199 2967 1257 3011 ad
1279 2969 1338 3013 V.
1365 2969 1417 3012 E.
1444 2968 1511 3012 sia
1533 2968 1706 3013 seruita
1720 2969 1822 3013 lau-

167 3041 281 3086 dare
301 3048 347 3087 et
369 3044 589 3100 aprobare
610 3044 696 3088 che
717 3044 761 3087 la
782 3043 906 3088 chita
927 3043 958 3087 li
980 3044 1139 3101 dugna
1154 3044 1529 3090 continuamente
1545 3045 1576 3089 il
1593 3046 1822 3090 cotidiano

170 3117 296 3164 victo
317 3127 365 3164 et
384 3119 551 3165 vestito
573 3121 778 3166 secundo
799 3121 843 3165 la
866 3121 1025 3178 regula
1048 3121 1160 3174 loro,
1186 3128 1232 3166 et
1247 3122 1279 3165 li
1295 3122 1479 3167 cherchi
1497 3130 1543 3167 et
1559 3123 1717 3181 dugna
1733 3138 1823 3167 vna
