<?xml version="1.0" encoding="UTF-8"?>
<!DOCTYPE html PUBLIC "-//W3C//DTD XHTML 1.0 Transitional//EN"
    "http://www.w3.org/TR/xhtml1/DTD/xhtml1-transitional.dtd">
<html xmlns="http://www.w3.org/1999/xhtml" xml:lang="en" lang="en">
 <head>
  <title>
</title>
<meta http-equiv="Content-Type" content="text/html;charset=utf-8" />
  <meta name='ocr-system' content='tesseract 3.04.00' />
  <meta name='ocr-capabilities' content='ocr_page ocr_carea ocr_par ocr_line ocrx_word'/>
</head>
<body>
  <div class='ocr_page' id='page_1' title='image "./epistolaemixtaee01matruoft_0196.png"; bbox 0 0 2196 3548; ppageno 0'>
   <div class='ocr_carea' id='block_1_1' title="bbox 350 269 1382 313">
    <p class='ocr_par' dir='ltr' id='par_1_1' title="bbox 350 269 1382 313">
     <span class='ocr_line' id='line_1_1' title="bbox 350 269 1382 313; baseline 0.001 -10"><span class='ocrx_word' id='word_1_1' title='bbox 350 276 418 313; x_wconf 84' lang='lat'><strong>190</strong></span> <span class='ocrx_word' id='word_1_2' title='bbox 952 269 1188 304; x_wconf 72' lang='lat' dir='ltr'><strong>EPISTOLAE</strong></span> <span class='ocrx_word' id='word_1_3' title='bbox 1214 269 1382 305; x_wconf 79' lang='lat' dir='ltr'><strong>MixTAE</strong></span> 
     </span>
    </p>
   </div>
   <div class='ocr_carea' id='block_1_2' title="bbox 341 368 1981 1725">
    <p class='ocr_par' dir='ltr' id='par_1_2' title="bbox 342 368 1981 1346">
     <span class='ocr_line' id='line_1_2' title="bbox 344 368 1979 428; baseline 0.002 -15"><span class='ocrx_word' id='word_1_4' title='bbox 344 369 384 413; x_wconf 88' lang='lat' dir='ltr'><strong>si</strong></span> <span class='ocrx_word' id='word_1_5' title='bbox 401 375 536 413; x_wconf 86' lang='lat' dir='ltr'><strong>conta</strong></span> <span class='ocrx_word' id='word_1_6' title='bbox 550 369 610 413; x_wconf 89' lang='lat' dir='ltr'><strong>de</strong></span> <span class='ocrx_word' id='word_1_7' title='bbox 633 382 762 412; x_wconf 87' lang='lat' dir='ltr'><strong>como</strong></span> <span class='ocrx_word' id='word_1_8' title='bbox 779 369 1042 412; x_wconf 75' lang='lat' dir='ltr'><strong>absoluerao</strong></span> <span class='ocrx_word' id='word_1_9' title='bbox 1058 383 1137 412; x_wconf 88' lang='lat' dir='ltr'><strong>aos</strong></span> <span class='ocrx_word' id='word_1_10' title='bbox 1153 368 1271 412; x_wconf 91' lang='lat' dir='ltr'><strong>ditos</strong></span> <span class='ocrx_word' id='word_1_11' title='bbox 1286 368 1486 413; x_wconf 84' lang='lat' dir='ltr'>intrusos</span> <span class='ocrx_word' id='word_1_12' title='bbox 1501 371 1869 428; x_wconf 86' lang='lat' dir='ltr'><strong>excomungados</strong></span> <span class='ocrx_word' id='word_1_13' title='bbox 1884 386 1979 417; x_wconf 90' lang='lat' dir='ltr'><strong>sem</strong></span> 
     </span>
     <span class='ocr_line' id='line_1_3' title="bbox 345 445 1981 502; baseline 0.002 -12"><span class='ocrx_word' id='word_1_14' title='bbox 345 445 652 490; x_wconf 86' lang='lat' dir='ltr'><strong>satisfazerem</strong></span> <span class='ocrx_word' id='word_1_15' title='bbox 679 459 809 490; x_wconf 90' lang='lat' dir='ltr'><strong>como</strong></span> <span class='ocrx_word' id='word_1_16' title='bbox 830 445 924 498; x_wconf 88' lang='lat' dir='ltr'><strong>dito</strong></span> <span class='ocrx_word' id='word_1_17' title='bbox 946 447 1019 499; x_wconf 84' lang='lat' dir='ltr'><strong>he3</strong></span> <span class='ocrx_word' id='word_1_18' title='bbox 1050 445 1192 498; x_wconf 81' lang='lat' dir='ltr'><strong>aliiaS,</strong></span> <span class='ocrx_word' id='word_1_19' title='bbox 1223 446 1393 502; x_wconf 84' lang='lat' dir='ltr'><strong>pasado</strong></span> <span class='ocrx_word' id='word_1_20' title='bbox 1420 447 1481 489; x_wconf 92' lang='lat' dir='ltr'><strong>ho</strong></span> <span class='ocrx_word' id='word_1_21' title='bbox 1501 446 1596 490; x_wconf 90' lang='lat' dir='ltr'><strong>dito</strong></span> <span class='ocrx_word' id='word_1_22' title='bbox 1618 454 1761 491; x_wconf 91' lang='lat' dir='ltr'><strong>termo</strong></span> <span class='ocrx_word' id='word_1_23' title='bbox 1781 448 1864 492; x_wconf 91' lang='lat' dir='ltr'><strong>dos</strong></span> <span class='ocrx_word' id='word_1_24' title='bbox 1890 448 1981 498; x_wconf 82' lang='lat' dir='ltr'><strong>seis</strong></span> 
     </span>
     <span class='ocr_line' id='line_1_4' title="bbox 343 521 1979 581; baseline 0.002 -15"><span class='ocrx_word' id='word_1_25' title='bbox 343 522 458 576; x_wconf 86' lang='lat' dir='ltr'><strong>dias,</strong></span> <span class='ocrx_word' id='word_1_26' title='bbox 483 528 529 566; x_wconf 90' lang='lat' dir='ltr'><strong>et</strong></span> <span class='ocrx_word' id='word_1_27' title='bbox 549 536 655 566; x_wconf 89' lang='lat' dir='ltr'><strong>nom</strong></span> <span class='ocrx_word' id='word_1_28' title='bbox 677 522 977 566; x_wconf 84' lang='lat' dir='ltr'><strong>satisfazendo</strong></span> <span class='ocrx_word' id='word_1_29' title='bbox 999 536 1128 566; x_wconf 91' lang='lat' dir='ltr'><strong>como</strong></span> <span class='ocrx_word' id='word_1_30' title='bbox 1149 521 1244 565; x_wconf 87' lang='lat' dir='ltr'><strong>dito</strong></span> <span class='ocrx_word' id='word_1_31' title='bbox 1265 523 1339 576; x_wconf 88' lang='lat' dir='ltr'><strong>he,</strong></span> <span class='ocrx_word' id='word_1_32' title='bbox 1364 524 1515 578; x_wconf 89' lang='lat' dir='ltr'><strong>ponho</strong></span> <span class='ocrx_word' id='word_1_33' title='bbox 1531 538 1557 567; x_wconf 90' lang='lat' dir='ltr'><strong>e</strong></span> <span class='ocrx_word' id='word_1_34' title='bbox 1577 538 1635 579; x_wconf 91' lang='lat' dir='ltr'><strong>ey</strong></span> <span class='ocrx_word' id='word_1_35' title='bbox 1655 539 1737 580; x_wconf 93' lang='lat' dir='ltr'><strong>por</strong></span> <span class='ocrx_word' id='word_1_36' title='bbox 1756 532 1887 581; x_wconf 86' lang='lat' dir='ltr'><strong>posta</strong></span> <span class='ocrx_word' id='word_1_37' title='bbox 1906 540 1979 571; x_wconf 89' lang='lat' dir='ltr'><strong>em</strong></span> 
     </span>
     <span class='ocr_line' id='line_1_5' title="bbox 343 598 1979 657; baseline 0.002 -13"><span class='ocrx_word' id='word_1_38' title='bbox 343 614 427 644; x_wconf 89' lang='lat' dir='ltr'><strong>sua</strong></span> <span class='ocrx_word' id='word_1_39' title='bbox 443 614 580 657; x_wconf 84' lang='lat' dir='ltr'><strong>pesoa</strong></span> <span class='ocrx_word' id='word_1_40' title='bbox 601 612 659 642; x_wconf 93' lang='lat' dir='ltr'><strong>ou</strong></span> <span class='ocrx_word' id='word_1_41' title='bbox 682 613 843 655; x_wconf 88' lang='lat' dir='ltr'><strong>pesoas</strong></span> <span class='ocrx_word' id='word_1_42' title='bbox 865 613 953 655; x_wconf 91' lang='lat' dir='ltr'><strong>que</strong></span> <span class='ocrx_word' id='word_1_43' title='bbox 969 613 996 642; x_wconf 95' lang='lat' dir='ltr'><strong>o</strong></span> <span class='ocrx_word' id='word_1_44' title='bbox 1018 598 1243 642; x_wconf 91' lang='lat' dir='ltr'><strong>contrario</strong></span> <span class='ocrx_word' id='word_1_45' title='bbox 1261 599 1397 651; x_wconf 85' lang='lat' dir='ltr'><strong>fazer,</strong></span> <span class='ocrx_word' id='word_1_46' title='bbox 1417 605 1632 656; x_wconf 82' lang='lat' dir='ltr'><strong>sentenca</strong></span> <span class='ocrx_word' id='word_1_47' title='bbox 1647 601 1979 647; x_wconf 89' lang='lat' dir='ltr'><strong>dexcomunion</strong></span> 
     </span>
     <span class='ocr_line' id='line_1_6' title="bbox 342 674 1979 735; baseline 0.002 -15"><span class='ocrx_word' id='word_1_48' title='bbox 342 691 416 721; x_wconf 87' lang='lat' dir='ltr'><strong>em</strong></span> <span class='ocrx_word' id='word_1_49' title='bbox 432 683 552 721; x_wconf 88' lang='lat' dir='ltr'><strong>estes</strong></span> <span class='ocrx_word' id='word_1_50' title='bbox 573 683 807 733; x_wconf 82' lang='lat' dir='ltr'><strong>presentes</strong></span> <span class='ocrx_word' id='word_1_51' title='bbox 828 676 1061 733; x_wconf 90' lang='lat' dir='ltr'><strong>escriptos,</strong></span> <span class='ocrx_word' id='word_1_52' title='bbox 1082 690 1113 719; x_wconf 82' lang='lat' dir='ltr'><strong>e</strong></span> <span class='ocrx_word' id='word_1_53' title='bbox 1139 690 1190 719; x_wconf 93' lang='lat' dir='ltr'><strong>os</strong></span> <span class='ocrx_word' id='word_1_54' title='bbox 1218 674 1308 719; x_wconf 92' lang='lat' dir='ltr'><strong>cito</strong></span> <span class='ocrx_word' id='word_1_55' title='bbox 1330 690 1355 719; x_wconf 90' lang='lat' dir='ltr'><strong>e</strong></span> <span class='ocrx_word' id='word_1_56' title='bbox 1372 677 1532 720; x_wconf 91' lang='lat' dir='ltr'><strong>chamo</strong></span> <span class='ocrx_word' id='word_1_57' title='bbox 1553 692 1661 733; x_wconf 89' lang='lat' dir='ltr'><strong>pera</strong></span> <span class='ocrx_word' id='word_1_58' title='bbox 1681 685 1936 735; x_wconf 71' lang='lat' dir='ltr'><strong>agrauacao</strong></span> <span class='ocrx_word' id='word_1_59' title='bbox 1951 694 1979 724; x_wconf 91' lang='lat' dir='ltr'><strong>e</strong></span> 
     </span>
     <span class='ocr_line' id='line_1_7' title="bbox 343 752 1980 812; baseline 0.001 -13"><span class='ocrx_word' id='word_1_60' title='bbox 343 760 649 811; x_wconf 77' lang='lat' dir='ltr'><strong>reagrauacao</strong></span> <span class='ocrx_word' id='word_1_61' title='bbox 675 754 758 797; x_wconf 91' lang='lat' dir='ltr'><strong>dos</strong></span> <span class='ocrx_word' id='word_1_62' title='bbox 784 752 897 796; x_wconf 87' lang='lat' dir='ltr'><strong>mais</strong></span> <span class='ocrx_word' id='word_1_63' title='bbox 923 753 1301 809; x_wconf 78' lang='lat' dir='ltr'><strong>procedimentOS,</strong></span> <span class='ocrx_word' id='word_1_64' title='bbox 1331 767 1381 797; x_wconf 91' lang='lat' dir='ltr'><strong>se</strong></span> <span class='ocrx_word' id='word_1_65' title='bbox 1408 767 1514 796; x_wconf 89' lang='lat' dir='ltr'><strong>suas</strong></span> <span class='ocrx_word' id='word_1_66' title='bbox 1541 754 1696 811; x_wconf 84' lang='lat' dir='ltr'>culpas</span> <span class='ocrx_word' id='word_1_67' title='bbox 1722 769 1749 798; x_wconf 94' lang='lat' dir='ltr'><strong>o</strong></span> <span class='ocrx_word' id='word_1_68' title='bbox 1776 769 1980 812; x_wconf 77' lang='lat' dir='ltr'><strong>merece-</strong></span> 
     </span>
     <span class='ocr_line' id='line_1_8' title="bbox 344 828 1975 890; baseline 0.001 -16"><span class='ocrx_word' id='word_1_69' title='bbox 344 844 456 884; x_wconf 87' lang='lat' dir='ltr'><strong>rem3</strong></span> <span class='ocrx_word' id='word_1_70' title='bbox 481 844 507 873; x_wconf 93' lang='lat' dir='ltr'><strong>e</strong></span> <span class='ocrx_word' id='word_1_71' title='bbox 528 831 609 873; x_wconf 93' lang='lat' dir='ltr'><strong>sob</strong></span> <span class='ocrx_word' id='word_1_72' title='bbox 632 845 658 873; x_wconf 92' lang='lat' dir='ltr'><strong>a</strong></span> <span class='ocrx_word' id='word_1_73' title='bbox 679 829 773 873; x_wconf 84' lang='lat' dir='ltr'><strong>dita</strong></span> <span class='ocrx_word' id='word_1_74' title='bbox 793 840 910 886; x_wconf 88' lang='lat' dir='ltr'><strong>pena</strong></span> <span class='ocrx_word' id='word_1_75' title='bbox 931 828 1263 872; x_wconf 89' lang='lat' dir='ltr'><strong>dexcomunion</strong></span> <span class='ocrx_word' id='word_1_76' title='bbox 1291 829 1456 872; x_wconf 90' lang='lat' dir='ltr'><strong>mando</strong></span> <span class='ocrx_word' id='word_1_77' title='bbox 1477 845 1504 873; x_wconf 90' lang='lat' dir='ltr'><strong>a</strong></span> <span class='ocrx_word' id='word_1_78' title='bbox 1526 831 1762 887; x_wconf 85' lang='lat' dir='ltr'><strong>quallquer</strong></span> <span class='ocrx_word' id='word_1_79' title='bbox 1787 831 1975 890; x_wconf 87' lang='lat' dir='ltr'><strong>clerigo,</strong></span> 
     </span>
     <span class='ocr_line' id='line_1_9' title="bbox 344 905 1981 964; baseline 0.004 -15"><span class='ocrx_word' id='word_1_80' title='bbox 344 905 574 964; x_wconf 86' lang='lat' dir='ltr'><strong>religioso,</strong></span> <span class='ocrx_word' id='word_1_81' title='bbox 599 906 774 950; x_wconf 86' lang='lat' dir='ltr'><strong>notario</strong></span> <span class='ocrx_word' id='word_1_82' title='bbox 802 920 861 950; x_wconf 93' lang='lat' dir='ltr'><strong>ou</strong></span> <span class='ocrx_word' id='word_1_83' title='bbox 890 905 1060 962; x_wconf 86' lang='lat' dir='ltr'><strong>clerigo</strong></span> <span class='ocrx_word' id='word_1_84' title='bbox 1086 906 1143 949; x_wconf 92' lang='lat' dir='ltr'><strong>de</strong></span> <span class='ocrx_word' id='word_1_85' title='bbox 1170 906 1394 950; x_wconf 89' lang='lat' dir='ltr'><strong>hordenes</strong></span> <span class='ocrx_word' id='word_1_86' title='bbox 1422 921 1630 950; x_wconf 90' lang='lat' dir='ltr'><strong>menores</strong></span> <span class='ocrx_word' id='word_1_87' title='bbox 1656 922 1745 963; x_wconf 90' lang='lat' dir='ltr'><strong>que</strong></span> <span class='ocrx_word' id='word_1_88' title='bbox 1773 909 1899 953; x_wconf 70' lang='grc'>31050</span> <span class='ocrx_word' id='word_1_89' title='bbox 1917 910 1981 957; x_wconf 78' lang='lat' dir='ltr'><strong>he</strong></span> 
     </span>
     <span class='ocr_line' id='line_1_10' title="bbox 343 983 1980 1040; baseline 0.001 -13"><span class='ocrx_word' id='word_1_90' title='bbox 343 983 612 1040; x_wconf 90' lang='lat' dir='ltr'><strong>prouiquem</strong></span> <span class='ocrx_word' id='word_1_91' title='bbox 632 984 783 1027; x_wconf 90' lang='lat' dir='ltr'><strong>honde</strong></span> <span class='ocrx_word' id='word_1_92' title='bbox 804 990 850 1027; x_wconf 92' lang='lat' dir='ltr'><strong>et</strong></span> <span class='ocrx_word' id='word_1_93' title='bbox 871 983 1052 1038; x_wconf 90' lang='lat' dir='ltr'><strong>quando</strong></span> <span class='ocrx_word' id='word_1_94' title='bbox 1079 989 1125 1027; x_wconf 88' lang='lat' dir='ltr'><strong>et</strong></span> <span class='ocrx_word' id='word_1_95' title='bbox 1146 989 1337 1038; x_wconf 83' lang='lat' dir='ltr'><strong>quantas</strong></span> <span class='ocrx_word' id='word_1_96' title='bbox 1358 997 1491 1026; x_wconf 91' lang='lat' dir='ltr'><strong>vezes</strong></span> <span class='ocrx_word' id='word_1_97' title='bbox 1512 998 1659 1040; x_wconf 90' lang='lat' dir='ltr'><strong>peque</strong></span> <span class='ocrx_word' id='word_1_98' title='bbox 1681 986 1815 1029; x_wconf 89' lang='lat' dir='ltr'><strong>tudos</strong></span> <span class='ocrx_word' id='word_1_99' title='bbox 1837 986 1980 1030; x_wconf 86' lang='lat' dir='ltr'><strong>forem</strong></span> 
     </span>
     <span class='ocr_line' id='line_1_11' title="bbox 342 1059 1980 1117; baseline 0.002 -13"><span class='ocrx_word' id='word_1_100' title='bbox 342 1061 403 1104; x_wconf 88' lang='lat' dir='ltr'><strong>da</strong></span> <span class='ocrx_word' id='word_1_101' title='bbox 423 1060 578 1104; x_wconf 87' lang='lat' dir='ltr'><strong>minha</strong></span> <span class='ocrx_word' id='word_1_102' title='bbox 598 1067 726 1117; x_wconf 89' lang='lat' dir='ltr'><strong>parte</strong></span> <span class='ocrx_word' id='word_1_103' title='bbox 747 1075 774 1103; x_wconf 90' lang='lat' dir='ltr'><strong>a</strong></span> <span class='ocrx_word' id='word_1_104' title='bbox 794 1059 959 1116; x_wconf 72' lang='lat' dir='ltr'><strong>piticao</strong></span> <span class='ocrx_word' id='word_1_105' title='bbox 981 1060 1039 1103; x_wconf 90' lang='lat' dir='ltr'><strong>da</strong></span> <span class='ocrx_word' id='word_1_106' title='bbox 1054 1059 1148 1103; x_wconf 85' lang='lat' dir='ltr'><strong>dita</strong></span> <span class='ocrx_word' id='word_1_107' title='bbox 1170 1060 1266 1104; x_wconf 79' lang='lat' dir='ltr'><strong>S.ra</strong></span> <span class='ocrx_word' id='word_1_108' title='bbox 1286 1061 1419 1104; x_wconf 92' lang='lat' dir='ltr'><strong>Dona</strong></span> <span class='ocrx_word' id='word_1_109' title='bbox 1435 1061 1471 1103; x_wconf 94' lang='lat' dir='ltr'><strong>F</strong></span> <span class='ocrx_word' id='word_1_110' title='bbox 1473 1060 1590 1117; x_wconf 92' lang='lat' dir='ltr'><strong>elipa</strong></span> <span class='ocrx_word' id='word_1_111' title='bbox 1605 1063 1746 1117; x_wconf 77' lang='lat' dir='ltr'><strong>Deca,</strong></span> <span class='ocrx_word' id='word_1_112' title='bbox 1766 1062 1980 1108; x_wconf 87' lang='lat' dir='ltr'><strong>Abadesa</strong></span> 
     </span>
     <span class='ocr_line' id='line_1_12' title="bbox 342 1136 1978 1194; baseline 0.003 -14"><span class='ocrx_word' id='word_1_113' title='bbox 342 1138 402 1182; x_wconf 87' lang='lat' dir='ltr'><strong>de</strong></span> <span class='ocrx_word' id='word_1_114' title='bbox 417 1138 612 1190; x_wconf 74' lang='lat' dir='ltr'><strong>Loruao,</strong></span> <span class='ocrx_word' id='word_1_115' title='bbox 632 1151 658 1181; x_wconf 92' lang='lat' dir='ltr'><strong>e</strong></span> <span class='ocrx_word' id='word_1_116' title='bbox 673 1137 732 1180; x_wconf 85' lang='lat' dir='ltr'><strong>da</strong></span> <span class='ocrx_word' id='word_1_117' title='bbox 747 1136 1014 1193; x_wconf 75' lang='lat' dir='ltr'><strong>prouicacao</strong></span> <span class='ocrx_word' id='word_1_118' title='bbox 1035 1151 1109 1180; x_wconf 91' lang='lat' dir='ltr'><strong>me</strong></span> <span class='ocrx_word' id='word_1_119' title='bbox 1131 1137 1253 1180; x_wconf 73' lang='lat' dir='ltr'><strong>farao</strong></span> <span class='ocrx_word' id='word_1_120' title='bbox 1275 1144 1398 1180; x_wconf 91' lang='lat' dir='ltr'><strong>certo</strong></span> <span class='ocrx_word' id='word_1_121' title='bbox 1419 1152 1499 1194; x_wconf 91' lang='lat' dir='ltr'><strong>per</strong></span> <span class='ocrx_word' id='word_1_122' title='bbox 1520 1152 1626 1181; x_wconf 91' lang='lat' dir='ltr'><strong>seus</strong></span> <span class='ocrx_word' id='word_1_123' title='bbox 1647 1138 1855 1183; x_wconf 89' lang='lat' dir='ltr'><strong>asinados</strong></span> <span class='ocrx_word' id='word_1_124' title='bbox 1877 1153 1978 1185; x_wconf 87' lang='lat' dir='ltr'><strong>com</strong></span> 
     </span>
     <span class='ocr_line' id='line_1_13' title="bbox 342 1214 1979 1271; baseline 0.002 -13"><span class='ocrx_word' id='word_1_125' title='bbox 342 1229 396 1258; x_wconf 90' lang='lat' dir='ltr'><strong>os</strong></span> <span class='ocrx_word' id='word_1_126' title='bbox 416 1228 573 1258; x_wconf 90' lang='lat' dir='ltr'><strong>nomes</strong></span> <span class='ocrx_word' id='word_1_127' title='bbox 595 1214 677 1257; x_wconf 92' lang='lat' dir='ltr'><strong>dos</strong></span> <span class='ocrx_word' id='word_1_128' title='bbox 699 1214 1009 1257; x_wconf 87' lang='lat' dir='ltr'><strong>testemunhos</strong></span> <span class='ocrx_word' id='word_1_129' title='bbox 1031 1227 1120 1269; x_wconf 91' lang='lat' dir='ltr'><strong>que</strong></span> <span class='ocrx_word' id='word_1_130' title='bbox 1136 1220 1369 1270; x_wconf 84' lang='lat' dir='ltr'><strong>presentes</strong></span> <span class='ocrx_word' id='word_1_131' title='bbox 1392 1215 1550 1270; x_wconf 84' lang='lat' dir='ltr'><strong>foram,</strong></span> <span class='ocrx_word' id='word_1_132' title='bbox 1569 1229 1677 1271; x_wconf 91' lang='lat' dir='ltr'><strong>pera</strong></span> <span class='ocrx_word' id='word_1_133' title='bbox 1692 1229 1750 1259; x_wconf 83' lang='lat' dir='ltr'><strong>eu</strong></span> <span class='ocrx_word' id='word_1_134' title='bbox 1767 1216 1877 1260; x_wconf 90' lang='lat' dir='ltr'><strong>tudo</strong></span> <span class='ocrx_word' id='word_1_135' title='bbox 1896 1230 1979 1262; x_wconf 85' lang='lat' dir='ltr'><strong>ver</strong></span> 
     </span>
     <span class='ocr_line' id='line_1_14' title="bbox 342 1290 981 1346; baseline -0.002 -11"><span class='ocrx_word' id='word_1_136' title='bbox 342 1298 390 1336; x_wconf 87' lang='lat' dir='ltr'><strong>et</strong></span> <span class='ocrx_word' id='word_1_137' title='bbox 412 1292 533 1335; x_wconf 88' lang='lat' dir='ltr'><strong>fazer</strong></span> <span class='ocrx_word' id='word_1_138' title='bbox 554 1305 581 1334; x_wconf 93' lang='lat' dir='ltr'><strong>o</strong></span> <span class='ocrx_word' id='word_1_139' title='bbox 604 1305 693 1346; x_wconf 92' lang='lat' dir='ltr'><strong>que</strong></span> <span class='ocrx_word' id='word_1_140' title='bbox 716 1291 783 1334; x_wconf 88' lang='lat' dir='ltr'><strong>for</strong></span> <span class='ocrx_word' id='word_1_141' title='bbox 798 1290 981 1346; x_wconf 75' lang='lat' dir='ltr'><strong>justica.</strong></span> 
     </span>
    </p>

    <p class='ocr_par' dir='ltr' id='par_1_3' title="bbox 342 1366 1979 1504">
     <span class='ocr_line' id='line_1_15' title="bbox 432 1366 1979 1427; baseline 0.003 -16"><span class='ocrx_word' id='word_1_142' title='bbox 432 1368 563 1411; x_wconf 85' lang='lat' dir='ltr'><strong>Dada</strong></span> <span class='ocrx_word' id='word_1_143' title='bbox 585 1381 656 1411; x_wconf 92' lang='lat' dir='ltr'><strong>em</strong></span> <span class='ocrx_word' id='word_1_144' title='bbox 684 1373 782 1410; x_wconf 88' lang='lat' dir='ltr'><strong>esta</strong></span> <span class='ocrx_word' id='word_1_145' title='bbox 803 1366 924 1410; x_wconf 86' lang='lat' dir='ltr'><strong>cidat</strong></span> <span class='ocrx_word' id='word_1_146' title='bbox 951 1368 1008 1411; x_wconf 91' lang='lat' dir='ltr'><strong>de</strong></span> <span class='ocrx_word' id='word_1_147' title='bbox 1030 1366 1244 1421; x_wconf 89' lang='lat' dir='ltr'><strong>Coinbra,</strong></span> <span class='ocrx_word' id='word_1_148' title='bbox 1270 1369 1351 1411; x_wconf 88' lang='lat' dir='ltr'><strong>sob</strong></span> <span class='ocrx_word' id='word_1_149' title='bbox 1373 1383 1478 1412; x_wconf 90' lang='lat' dir='ltr'><strong>meu</strong></span> <span class='ocrx_word' id='word_1_150' title='bbox 1500 1368 1631 1412; x_wconf 89' lang='lat' dir='ltr'><strong>sinall</strong></span> <span class='ocrx_word' id='word_1_151' title='bbox 1652 1375 1698 1412; x_wconf 89' lang='lat' dir='ltr'><strong>et</strong></span> <span class='ocrx_word' id='word_1_152' title='bbox 1718 1369 1863 1424; x_wconf 89' lang='lat' dir='ltr'><strong>firma,</strong></span> <span class='ocrx_word' id='word_1_153' title='bbox 1887 1383 1979 1427; x_wconf 83' lang='lat' dir='ltr'><strong>que</strong></span> 
     </span>
     <span class='ocr_line' id='line_1_16' title="bbox 342 1443 1619 1504; baseline 0.002 -17"><span class='ocrx_word' id='word_1_154' title='bbox 342 1450 449 1487; x_wconf 85' lang='lat' dir='ltr'><strong>ante</strong></span> <span class='ocrx_word' id='word_1_155' title='bbox 465 1443 572 1487; x_wconf 91' lang='lat' dir='ltr'><strong>mim</strong></span> <span class='ocrx_word' id='word_1_156' title='bbox 594 1443 743 1487; x_wconf 88' lang='lat' dir='ltr'><strong>scriue</strong></span> <span class='ocrx_word' id='word_1_157' title='bbox 764 1458 843 1487; x_wconf 88' lang='lat' dir='ltr'><strong>aos</strong></span> <span class='ocrx_word' id='word_1_158' title='bbox 863 1443 1041 1487; x_wconf 89' lang='lat' dir='ltr'><strong>dezoito</strong></span> <span class='ocrx_word' id='word_1_159' title='bbox 1062 1443 1159 1488; x_wconf 90' lang='lat' dir='ltr'><strong>dias</strong></span> <span class='ocrx_word' id='word_1_160' title='bbox 1181 1444 1239 1488; x_wconf 94' lang='lat' dir='ltr'><strong>do</strong></span> <span class='ocrx_word' id='word_1_161' title='bbox 1261 1459 1356 1488; x_wconf 91' lang='lat' dir='ltr'><strong>mes</strong></span> <span class='ocrx_word' id='word_1_162' title='bbox 1377 1446 1434 1489; x_wconf 93' lang='lat' dir='ltr'><strong>de</strong></span> <span class='ocrx_word' id='word_1_163' title='bbox 1450 1448 1619 1504; x_wconf 91' lang='lat' dir='ltr'><strong>Junho.</strong></span> 
     </span>
    </p>

    <p class='ocr_par' dir='ltr' id='par_1_4' title="bbox 341 1520 1979 1725">
     <span class='ocr_line' id='line_1_17' title="bbox 426 1520 1978 1581; baseline 0.003 -17"><span class='ocrx_word' id='word_1_164' title='bbox 426 1522 568 1579; x_wconf 87' lang='lat' dir='ltr'><strong>Jorge</strong></span> <span class='ocrx_word' id='word_1_165' title='bbox 594 1522 630 1564; x_wconf 93' lang='lat' dir='ltr'>F</span> <span class='ocrx_word' id='word_1_166' title='bbox 633 1520 879 1574; x_wconf 86' lang='lat' dir='ltr'><strong>ernandez,</strong></span> <span class='ocrx_word' id='word_1_167' title='bbox 911 1520 1086 1563; x_wconf 90' lang='lat' dir='ltr'><strong>notario</strong></span> <span class='ocrx_word' id='word_1_168' title='bbox 1115 1520 1397 1577; x_wconf 85' lang='lat' dir='ltr'><strong>apostollico,</strong></span> <span class='ocrx_word' id='word_1_169' title='bbox 1433 1520 1702 1567; x_wconf 88' lang='lat' dir='ltr'><strong>auctoritate</strong></span> <span class='ocrx_word' id='word_1_170' title='bbox 1732 1524 1978 1581; x_wconf 85' lang='lat' dir='ltr'><strong>apostolica</strong></span> 
     </span>
     <span class='ocr_line' id='line_1_18' title="bbox 341 1597 1979 1658; baseline 0.002 -16"><span class='ocrx_word' id='word_1_171' title='bbox 341 1613 369 1642; x_wconf 89' lang='grc'>3</span> <span class='ocrx_word' id='word_1_172' title='bbox 398 1599 466 1642; x_wconf 86' lang='lat' dir='ltr'><strong>fez</strong></span> <span class='ocrx_word' id='word_1_173' title='bbox 493 1612 574 1654; x_wconf 90' lang='lat' dir='ltr'><strong>per</strong></span> <span class='ocrx_word' id='word_1_174' title='bbox 601 1597 824 1640; x_wconf 87' lang='lat' dir='ltr'><strong>mandado</strong></span> <span class='ocrx_word' id='word_1_175' title='bbox 851 1597 910 1640; x_wconf 92' lang='lat' dir='ltr'><strong>do</strong></span> <span class='ocrx_word' id='word_1_176' title='bbox 938 1598 1035 1641; x_wconf 89' lang='lat' dir='ltr'><strong>S.0r</strong></span> <span class='ocrx_word' id='word_1_177' title='bbox 1069 1598 1271 1642; x_wconf 88' lang='lat' dir='ltr'><strong>Antonio</strong></span> <span class='ocrx_word' id='word_1_178' title='bbox 1299 1599 1512 1643; x_wconf 86' lang='lat' dir='ltr'><strong>Alluarez</strong></span> <span class='ocrx_word' id='word_1_179' title='bbox 1539 1607 1755 1644; x_wconf 87' lang='lat' dir='ltr'><strong>executor</strong></span> <span class='ocrx_word' id='word_1_180' title='bbox 1780 1602 1838 1645; x_wconf 91' lang='lat' dir='ltr'><strong>de</strong></span> <span class='ocrx_word' id='word_1_181' title='bbox 1865 1611 1979 1658; x_wconf 88' lang='lat'>1544</span> 
     </span>
     <span class='ocr_line' id='line_1_19' title="bbox 342 1673 1225 1725; baseline 0 -7"><span class='ocrx_word' id='word_1_182' title='bbox 342 1689 486 1719; x_wconf 89' lang='lat' dir='ltr'><strong>annos</strong></span> <span class='ocrx_word' id='word_1_183' title='bbox 507 1689 613 1718; x_wconf 92' lang='lat' dir='ltr'><strong>nom</strong></span> <span class='ocrx_word' id='word_1_184' title='bbox 637 1673 752 1717; x_wconf 88' lang='lat' dir='ltr'><strong>facio</strong></span> <span class='ocrx_word' id='word_1_185' title='bbox 773 1673 944 1717; x_wconf 87' lang='lat' dir='ltr'><strong>duuida</strong></span> <span class='ocrx_word' id='word_1_186' title='bbox 965 1674 1116 1725; x_wconf 80' lang='lat' dir='ltr'><strong>honde</strong></span> <span class='ocrx_word' id='word_1_187' title='bbox 1138 1681 1225 1718; x_wconf 77' lang='lat' dir='ltr'><strong>etc,</strong></span> 
     </span>
    </p>
   </div>
   <div class='ocr_carea' id='block_1_3' title="bbox 1119 1888 1196 1929">
    <p class='ocr_par' dir='ltr' id='par_1_5' title="bbox 1119 1888 1196 1929">
     <span class='ocr_line' id='line_1_20' title="bbox 1119 1888 1196 1929; baseline 0 0"><span class='ocrx_word' id='word_1_188' title='bbox 1119 1888 1196 1929; x_wconf 76' lang='lat'><strong>55</strong></span> 
     </span>
    </p>
   </div>
   <div class='ocr_carea' id='block_1_4' title="bbox 743 2013 1573 2162">
    <p class='ocr_par' dir='ltr' id='par_1_6' title="bbox 743 2013 1573 2162">
     <span class='ocr_line' id='line_1_21' title="bbox 743 2013 1573 2064; baseline 0.006 -16"><span class='ocrx_word' id='word_1_189' title='bbox 743 2013 1011 2049; x_wconf 81' lang='lat' dir='ltr'><strong>APPENDIX</strong></span> <span class='ocrx_word' id='word_1_190' title='bbox 1036 2014 1074 2049; x_wconf 92' lang='lat'><strong>11</strong></span> <span class='ocrx_word' id='word_1_191' title='bbox 1101 2014 1173 2050; x_wconf 84' lang='lat' dir='ltr'><strong>AD</strong></span> <span class='ocrx_word' id='word_1_192' title='bbox 1200 2016 1500 2055; x_wconf 81' lang='lat' dir='ltr'><strong>EPISTOLAM</strong></span> <span class='ocrx_word' id='word_1_193' title='bbox 1528 2018 1573 2064; x_wconf 87' lang='lat'><strong>53</strong></span> 
     </span>
     <span class='ocr_line' id='line_1_22' title="bbox 844 2115 1464 2162; baseline 0.008 -5"><span class='ocrx_word' id='word_1_194' title='bbox 844 2115 1056 2158; x_wconf 90' lang='lat' dir='ltr'>PONTII</span> <span class='ocrx_word' id='word_1_195' title='bbox 1089 2116 1464 2162; x_wconf 90' lang='lat' dir='ltr'><strong>COGORDANI</strong></span> 
     </span>
    </p>
   </div>
   <div class='ocr_carea' id='block_1_5' title="bbox 331 2226 1979 2417">
    <p class='ocr_par' dir='ltr' id='par_1_7' title="bbox 331 2226 1979 2417">
     <span class='ocr_line' id='line_1_23' title="bbox 331 2226 1979 2271; baseline 0.005 -8"><span class='ocrx_word' id='word_1_196' title='bbox 331 2227 447 2263; x_wconf 87' lang='lat' dir='ltr'>Ratio</span> <span class='ocrx_word' id='word_1_197' title='bbox 464 2227 504 2263; x_wconf 92' lang='lat' dir='ltr'><strong>in</strong></span> <span class='ocrx_word' id='word_1_198' title='bbox 522 2226 771 2263; x_wconf 86' lang='lat' dir='ltr'><strong>absolvendis</strong></span> <span class='ocrx_word' id='word_1_199' title='bbox 790 2227 1191 2263; x_wconf 85' lang='lat' dir='ltr'><strong>excommunicatione</strong></span> <span class='ocrx_word' id='word_1_200' title='bbox 1215 2228 1592 2267; x_wconf 89' lang='lat' dir='ltr'><strong>irretitis.—Indicta</strong></span> <span class='ocrx_word' id='word_1_201' title='bbox 1610 2233 1646 2268; x_wconf 92' lang='lat' dir='ltr'><strong>ei</strong></span> <span class='ocrx_word' id='word_1_202' title='bbox 1664 2234 1979 2271; x_wconf 85' lang='lat' dir='ltr'><strong>excommunica-</strong></span> 
     </span>
     <span class='ocr_line' id='line_1_24' title="bbox 406 2274 1972 2330; baseline 0.006 -20"><span class='ocrx_word' id='word_1_203' title='bbox 406 2274 525 2316; x_wconf 85' lang='lat' dir='ltr'><strong>tione,</strong></span> <span class='ocrx_word' id='word_1_204' title='bbox 545 2286 661 2321; x_wconf 88' lang='lat' dir='ltr'><strong>quam</strong></span> <span class='ocrx_word' id='word_1_205' title='bbox 684 2274 831 2310; x_wconf 88' lang='lat' dir='ltr'><strong>irritam</strong></span> <span class='ocrx_word' id='word_1_206' title='bbox 854 2285 1082 2321; x_wconf 84' lang='lat' dir='ltr'><strong>cassamque</strong></span> <span class='ocrx_word' id='word_1_207' title='bbox 1108 2277 1239 2322; x_wconf 91' lang='lat' dir='ltr'><strong>plures</strong></span> <span class='ocrx_word' id='word_1_208' title='bbox 1265 2282 1480 2320; x_wconf 86' lang='lat' dir='ltr'><strong>autumant,</strong></span> <span class='ocrx_word' id='word_1_209' title='bbox 1510 2280 1740 2316; x_wconf 89' lang='lat' dir='ltr'><strong>Pontificem</strong></span> <span class='ocrx_word' id='word_1_210' title='bbox 1764 2282 1816 2318; x_wconf 88' lang='lat' dir='ltr'><strong>M.</strong></span> <span class='ocrx_word' id='word_1_211' title='bbox 1841 2283 1972 2330; x_wconf 85' lang='lat' dir='ltr'><strong>appel-</strong></span> 
     </span>
     <span class='ocr_line' id='line_1_25' title="bbox 408 2321 1972 2374; baseline 0.006 -17"><span class='ocrx_word' id='word_1_212' title='bbox 408 2323 479 2367; x_wconf 89' lang='lat' dir='ltr'><strong>lat;</strong></span> <span class='ocrx_word' id='word_1_213' title='bbox 499 2327 540 2357; x_wconf 88' lang='lat' dir='ltr'><strong>et</strong></span> <span class='ocrx_word' id='word_1_214' title='bbox 556 2322 685 2369; x_wconf 81' lang='lat' dir='ltr'><strong>pergit</strong></span> <span class='ocrx_word' id='word_1_215' title='bbox 702 2321 953 2357; x_wconf 88' lang='lat' dir='ltr'><strong>nihilominus</strong></span> <span class='ocrx_word' id='word_1_216' title='bbox 972 2322 1080 2358; x_wconf 89' lang='lat' dir='ltr'><strong>obire</strong></span> <span class='ocrx_word' id='word_1_217' title='bbox 1099 2334 1208 2359; x_wconf 89' lang='lat' dir='ltr'><strong>sacra</strong></span> <span class='ocrx_word' id='word_1_218' title='bbox 1226 2326 1525 2362; x_wconf 83' lang='lat' dir='ltr'><strong>munera.—Rei</strong></span> <span class='ocrx_word' id='word_1_219' title='bbox 1542 2339 1564 2362; x_wconf 93' lang='lat' dir='ltr'><strong>a</strong></span> <span class='ocrx_word' id='word_1_220' title='bbox 1582 2340 1625 2364; x_wconf 92' lang='lat' dir='ltr'><strong>se</strong></span> <span class='ocrx_word' id='word_1_221' title='bbox 1649 2334 1788 2374; x_wconf 87' lang='lat' dir='ltr'><strong>gestae</strong></span> <span class='ocrx_word' id='word_1_222' title='bbox 1815 2335 1972 2366; x_wconf 87' lang='lat' dir='ltr'><strong>senten-</strong></span> 
     </span>
     <span class='ocr_line' id='line_1_26' title="bbox 408 2370 746 2417; baseline 0.003 -12"><span class='ocrx_word' id='word_1_223' title='bbox 408 2370 502 2405; x_wconf 90' lang='lat' dir='ltr'><strong>tiam</strong></span> <span class='ocrx_word' id='word_1_224' title='bbox 520 2370 698 2417; x_wconf 81' lang='lat' dir='ltr'><strong>exposcit</strong></span> <span class='ocrx_word' id='word_1_225' title='bbox 719 2372 746 2406; x_wconf 83' lang='lat'><strong>¹.</strong></span> 
     </span>
    </p>
   </div>
   <div class='ocr_carea' id='block_1_6' title="bbox 335 2470 1973 2721">
    <p class='ocr_par' dir='ltr' id='par_1_8' title="bbox 335 2470 1973 2721">
     <span class='ocr_line' id='line_1_27' title="bbox 1114 2470 1214 2548; baseline 0 -15"><span class='ocrx_word' id='word_1_226' title='bbox 1114 2470 1214 2548; x_wconf 67' lang='lat' dir='ltr'><strong>Jfis.</strong></span> 
     </span>
     <span class='ocr_line' id='line_1_28' title="bbox 425 2582 1971 2644; baseline 0.006 -19"><span class='ocrx_word' id='word_1_227' title='bbox 425 2582 658 2639; x_wconf 86' lang='lat' dir='ltr'><strong>Superiori</strong></span> <span class='ocrx_word' id='word_1_228' title='bbox 685 2597 805 2626; x_wconf 87' lang='lat' dir='ltr'><strong>anno</strong></span> <span class='ocrx_word' id='word_1_229' title='bbox 827 2584 1042 2628; x_wconf 89' lang='lat' dir='ltr'><strong>Summus</strong></span> <span class='ocrx_word' id='word_1_230' title='bbox 1071 2584 1283 2628; x_wconf 86' lang='lat' dir='ltr'><strong>Pontifex</strong></span> <span class='ocrx_word' id='word_1_231' title='bbox 1305 2586 1794 2644; x_wconf 66' lang='lat' dir='ltr'><strong>concessitplenariam</strong></span> <span class='ocrx_word' id='word_1_232' title='bbox 1817 2588 1971 2634; x_wconf 88' lang='lat' dir='ltr'><strong>indul-</strong></span> 
     </span>
     <span class='ocr_line' id='line_1_29' title="bbox 335 2658 1973 2721; baseline 0.004 -18"><span class='ocrx_word' id='word_1_233' title='bbox 335 2658 554 2715; x_wconf 86' lang='lat' dir='ltr'><strong>gentiam,</strong></span> <span class='ocrx_word' id='word_1_234' title='bbox 579 2658 675 2703; x_wconf 89' lang='lat' dir='ltr'><strong>sive</strong></span> <span class='ocrx_word' id='word_1_235' title='bbox 689 2658 956 2715; x_wconf 88' lang='lat' dir='ltr'><strong>jubilaeum,</strong></span> <span class='ocrx_word' id='word_1_236' title='bbox 987 2661 1118 2716; x_wconf 91' lang='lat' dir='ltr'><strong>cujus</strong></span> <span class='ocrx_word' id='word_1_237' title='bbox 1139 2661 1307 2706; x_wconf 90' lang='lat' dir='ltr'><strong>virtute</strong></span> <span class='ocrx_word' id='word_1_238' title='bbox 1328 2677 1484 2707; x_wconf 90' lang='lat' dir='ltr'><strong>omnes</strong></span> <span class='ocrx_word' id='word_1_239' title='bbox 1512 2664 1839 2721; x_wconf 88' lang='lat' dir='ltr'><strong>cujuscumque</strong></span> <span class='ocrx_word' id='word_1_240' title='bbox 1860 2681 1973 2710; x_wconf 83' lang='lat' dir='ltr'><strong>con-</strong></span> 
     </span>
    </p>
   </div>
   <div class='ocr_carea' id='block_1_7' title="bbox 334 2735 1972 2875">
    <p class='ocr_par' dir='ltr' id='par_1_9' title="bbox 334 2735 1972 2875">
     <span class='ocr_line' id='line_1_30' title="bbox 334 2735 1972 2799; baseline 0.006 -21"><span class='ocrx_word' id='word_1_241' title='bbox 334 2735 519 2779; x_wconf 88' lang='lat' dir='ltr'><strong>ditionis</strong></span> <span class='ocrx_word' id='word_1_242' title='bbox 541 2735 713 2779; x_wconf 87' lang='lat' dir='ltr'><strong>absolvi</strong></span> <span class='ocrx_word' id='word_1_243' title='bbox 729 2742 938 2792; x_wconf 87' lang='lat' dir='ltr'><strong>poterant</strong></span> <span class='ocrx_word' id='word_1_244' title='bbox 954 2738 1011 2780; x_wconf 90' lang='lat' dir='ltr'><strong>ab</strong></span> <span class='ocrx_word' id='word_1_245' title='bbox 1028 2738 1238 2781; x_wconf 92' lang='lat' dir='ltr'><strong>omnibus</strong></span> <span class='ocrx_word' id='word_1_246' title='bbox 1255 2738 1532 2793; x_wconf 87' lang='lat' dir='ltr'><strong>criminibus,</strong></span> <span class='ocrx_word' id='word_1_247' title='bbox 1553 2748 1972 2799; x_wconf 86' lang='lat' dir='ltr'><strong>quantumcumque</strong></span> 
     </span>
     <span class='ocr_line' id='line_1_31' title="bbox 335 2811 1972 2875; baseline 0.005 -20"><span class='ocrx_word' id='word_1_248' title='bbox 335 2811 568 2869; x_wconf 85' lang='lat' dir='ltr'><strong>gravibus,</strong></span> <span class='ocrx_word' id='word_1_249' title='bbox 594 2819 640 2856; x_wconf 91' lang='lat' dir='ltr'><strong>et</strong></span> <span class='ocrx_word' id='word_1_250' title='bbox 661 2813 718 2856; x_wconf 87' lang='lat' dir='ltr'><strong>ab</strong></span> <span class='ocrx_word' id='word_1_251' title='bbox 741 2813 949 2857; x_wconf 88' lang='lat' dir='ltr'><strong>omnibus</strong></span> <span class='ocrx_word' id='word_1_252' title='bbox 970 2814 1174 2859; x_wconf 88' lang='lat' dir='ltr'><strong>censuris</strong></span> <span class='ocrx_word' id='word_1_253' title='bbox 1190 2816 1521 2870; x_wconf 87' lang='lat' dir='ltr'><strong>ecclesiasticis,</strong></span> <span class='ocrx_word' id='word_1_254' title='bbox 1542 2824 1670 2874; x_wconf 89' lang='lat' dir='ltr'><strong>parte</strong></span> <span class='ocrx_word' id='word_1_255' title='bbox 1690 2819 1815 2875; x_wconf 91' lang='lat' dir='ltr'><strong>prius</strong></span> <span class='ocrx_word' id='word_1_256' title='bbox 1836 2819 1972 2865; x_wconf 86' lang='lat' dir='ltr'><strong>satis-</strong></span> 
     </span>
    </p>
   </div>
   <div class='ocr_carea' id='block_1_8' title="bbox 339 2937 620 2942">
    <p class='ocr_par' dir='ltr' id='par_1_10' title="bbox 339 2937 620 2942">
     <span class='ocr_line' id='line_1_32' title="bbox 339 2937 620 2942; baseline 0 0"><span class='ocrx_word' id='word_1_257' title='bbox 339 2937 620 2942; x_wconf 95' lang='lat' dir='ltr'><strong> </strong></span> 
     </span>
    </p>
   </div>
   <div class='ocr_carea' id='block_1_9' title="bbox 334 2997 1951 3103">
    <p class='ocr_par' dir='ltr' id='par_1_11' title="bbox 334 2997 1951 3103">
     <span class='ocr_line' id='line_1_33' title="bbox 408 2997 1951 3052; baseline 0.007 -21"><span class='ocrx_word' id='word_1_258' title='bbox 408 2999 419 3019; x_wconf 91' lang='lat'>¹</span> <span class='ocrx_word' id='word_1_259' title='bbox 469 2997 529 3032; x_wconf 88' lang='lat' dir='ltr'><strong>Ex</strong></span> <span class='ocrx_word' id='word_1_260' title='bbox 553 3002 814 3045; x_wconf 87' lang='lat' dir='ltr'><strong>transumpto,</strong></span> <span class='ocrx_word' id='word_1_261' title='bbox 846 2998 978 3035; x_wconf 88' lang='lat' dir='ltr'><strong>multis</strong></span> <span class='ocrx_word' id='word_1_262' title='bbox 1009 2999 1160 3036; x_wconf 88' lang='lat' dir='ltr'><strong>mendis</strong></span> <span class='ocrx_word' id='word_1_263' title='bbox 1189 3001 1375 3044; x_wconf 86' lang='lat' dir='ltr'><strong>scatenti,</strong></span> <span class='ocrx_word' id='word_1_264' title='bbox 1408 3003 1447 3038; x_wconf 90' lang='lat' dir='ltr'><strong>in</strong></span> <span class='ocrx_word' id='word_1_265' title='bbox 1483 3004 1561 3039; x_wconf 93' lang='lat' dir='ltr'><strong>vol.</strong></span> <span class='ocrx_word' id='word_1_266' title='bbox 1594 3003 1649 3046; x_wconf 84' lang='lat' dir='ltr'><strong>A,</strong></span> <span class='ocrx_word' id='word_1_267' title='bbox 1681 3003 1827 3052; x_wconf 91' lang='lat' dir='ltr'><strong>duplici</strong></span> <span class='ocrx_word' id='word_1_268' title='bbox 1855 3005 1951 3043; x_wconf 74' lang='lat' dir='ltr'><strong>folio</strong></span> 
     </span>
     <span class='ocr_line' id='line_1_34' title="bbox 334 3056 709 3103; baseline 0.005 -12"><span class='ocrx_word' id='word_1_269' title='bbox 334 3068 373 3092; x_wconf 91' lang='lat' dir='ltr'><strong>n.</strong></span> <span class='ocrx_word' id='word_1_270' title='bbox 398 3063 476 3101; x_wconf 87' lang='lat'><strong>157,</strong></span> <span class='ocrx_word' id='word_1_271' title='bbox 497 3056 605 3103; x_wconf 90' lang='lat' dir='ltr'><strong>prius</strong></span> <span class='ocrx_word' id='word_1_272' title='bbox 628 3065 709 3102; x_wconf 84' lang='lat'>140.</span> 
     </span>
    </p>
   </div>
  </div>
 </body>
</html>
