2196 3548
910 284 989 321 ΑΝ.
1026 292 1116 330 1542
1165 318 1169 322 .
1270 327 1280 331 ,
1788 296 1831 332 91

183 387 459 436 Gracuwius
480 385 713 444 Hyperius
733 400 867 444 spero
886 400 969 443 por
990 385 1034 429 la
1054 384 1263 442 primera‚
1288 385 1346 430 de
1374 385 1418 429 la
1438 385 1545 441 qual
1566 389 1666 429 mas'
1683 387 1835 443 larga-

185 473 341 511 mente
359 466 404 510 16
424 472 564 522 teugo
585 463 839 508 informado
859 477 942 520 por
962 469 1101 507 otras.
1128 461 1350 509 Tambien
1366 461 1548 519 querria
1565 463 1697 506 saber
1718 463 1755 506 si
1777 466 1838 510 ha

187 542 414 594 mandado
437 542 484 588 13
517 547 618 586 otra
651 539 842 597 licencia
876 543 904 586 ἐι
939 539 1163 597 Portugal
1197 553 1307 598 para
1345 538 1533 595 Poncgi03
1573 540 1630 582 de
1661 540 1705 583 la
1738 548 1837 584 otra

187 618 379 677 licencia
397 633 488 677 que
507 619 550 663 16
570 617 720 662 61111116
740 621 767 663 a
792 617 1041 663 demandat
1062 618 1104 674 (6
1129 630 1213 674 por
1238 615 1380 672 mejor
1407 615 1532 660 dezir
1557 617 1839 673 absolucion)

187 712 272 756 por
292 695 612 744 Bartholomeo
649 696 850 750 Throno,
889 694 932 738 el
968 693 1075 751 qual
1110 692 1213 740 avia
1238 691 1469 740 resumido
1495 693 1538 736 el
1565 693 1721 737 habito
1749 708 1839 749 que

186 779 320 821 antes
339 773 442 819 avia
467 773 662 827 dexado,
691 772 763 818 sin
788 786 914 817 esser
939 771 1148 816 absuelto
1173 771 1232 815 de
1252 770 1297 817 la
1322 776 1594 827 appostesya
1622 784 1711 826 que
1738 770 1842 815 avie

187 846 478 905 commetido,
502 865 575 895 me
596 849 774 895 avisara
793 849 832 894 si
853 850 896 893 13
917 850 978 894 ha
998 847 1253 905 sollicitado
1274 862 1362 894 con
1384 847 1580 892 Michael
1603 847 1839 902 Almunia,

187 927 473 986 valendano,
492 928 536 972 al
552 928 660 984 qual
674 928 718 971 16
734 934 875 984 teugo
891 925 1104 984 eseripto,
1123 924 1320 985 dandple
1335 938 1476 983 cargo
1487 923 1616 968 deste
1626 924 1840 981 negocio,

186 1021 219 1071 y
245 1007 306 1052 (16
329 1021 393 1050 vn
419 1013 523 1050 otro
547 1019 639 1062 que
665 1005 710 1049 el
735 1005 970 1049 consessor
1002 1004 1060 1047 de
1086 1004 1131 1047 la
1157 998 1318 1060 Reyna
1354 1014 1428 1047 me
1455 1001 1556 1046 avie
1593 1017 1843 1046 encomen-

187 1084 324 1130 dada
354 1085 448 1128 Por
472 1098 599 1128 amor
625 1083 683 1126 (16
714 1089 902 1126 nuestro
939 1082 1087 1127 Sefior
1115 1095 1205 1138 que
1226 1079 1627 1138 particularmente
1654 1094 1726 1124 me
1743 1095 1841 1124 res—

187 1161 341 1221 ponda
360 1165 388 1206 a
408 1162 517 1206 todo
537 1162 582 1206 lo
601 1161 889 1206 sobredieho.

278 1240 351 1284 De
373 1239 505 1285 Paris
525 1243 554 1284 3
575 1251 632 1294 24
653 1240 712 1284 de
732 1238 994 1284 Diziembre
1021 1249 1150 1295 1541.

946 1319 1024 1377 Jo.
1060 1318 1393 1364 HmRONYnUS
1424 1318 1718 1361 DOMENECH.

277 1395 632 1454 Superscriptw:
651 1401 680 1449 †
704 1397 826 1440 Dno.
851 1395 1046 1453 Ignatio.

206 1503 210 1508 ·
234 1505 235 1510 ,
278 1473 431 1519 Manu
448 1474 500 1519 S.
524 1474 724 1532 Ignatii:
744 1473 953 1528 Francia,
977 1474 1036 1518 de
1056 1473 1280 1518 diuersos.

276 1552 388 1596 Alia
408 1566 572 1596 manu:
591 1553 751 1606 Roma,
782 1564 835 1607 14
855 1552 914 1596 de
935 1553 1146 1596 Hebrero
1174 1561 1301 1608 1542.
1328 1553 1430 1597 R.ta

976 1767 1055 1811 2⁷

727 1889 1006 1928 MARTINUS
1031 1888 1312 1927 PEZZANUS

570 2006 760 2051 PATRI
790 1969 1055 2051 IGNATIO
1075 2006 1171 2050 ⁴DE
1202 2004 1465 2050 LOYOLA

706 2139 981 2182 *ULYSSIPONE
1007 2139 1029 2179 5
1054 2140 1147 2176 MAJ1
1177 2140 1267 2178 1542
1297 2134 1323 2168 ¹.

189 2246 253 2284 De
273 2243 400 2296 ipsius
422 2251 464 2283 et
486 2246 682 2283 sociorum
707 2245 881 2283 adventu
903 2246 1314 2295 Ulyssiponem.—De
1336 2246 1511 2283 secundo
1528 2258 1659 2282 rerum
1676 2251 1847 2284 statu.—

207 2295 210 2298 ’
259 2294 324 2332 De
334 2294 607 2343 spiritualibus
620 2294 948 2331 exercitiis.—De
962 2294 1162 2341 legatione
1175 2294 1298 2342 Regis
1312 2294 1676 2343 Aethiopiae.-De
1685 2294 1851 2341 judaeo·

183 2364 186 2366 v
203 2358 207 2365 1
254 2353 350 2385 nun
365 2342 626 2392 quorumdam
643 2343 1034 2380 conversione.——De
1051 2342 1184 2380 studio
1200 2343 1324 2391 Regis
1341 2343 1382 2379 in
1400 2342 1657 2379 Societatem.

283 2485 314 2531 †
345 2502 398 2523 =
422 2484 489 2529 La
519 2483 669 2542 gratia
698 2497 725 2528 6
756 2498 869 2542 pace
899 2485 958 2533 (16
982 2486 1095 2544 Jesu
1127 2485 1247 2542 Xpo.
1283 2482 1351 2528 sia
1381 2498 1559 2541 sempre
1595 2498 1684 2528 con
1721 2483 1847 2537 tutti,

189 2573 343 2607 amen.

281 2640 354 2685 De
373 2638 450 2698 poi
470 2640 529 2684 de
549 2641 594 2685 13
613 2655 749 2698 sopra
769 2640 944 2695 scritta,
969 2655 1030 2685 no
1049 2644 1076 2683 ὲ
1103 2654 1292 2685 oceorso
1320 2634 1489 2684 alcuna'
1512 2640 1656 2698 prima
1682 2653 1849 2697 oppor-

193 2715 346 2762 tunita
362 2717 422 2762 de
441 2717 693 2762 escriuerui
719 2719 791 2762 ch'
821 2725 985 2775 questa
1011 2725 1059 2762 et
1083 2718 1324 2762 habenche
1350 2733 1443 2762 non
1469 2717 1681 2763 habiamo
1707 2717 1851 2760 multe

190 2807 300 2841 cose
318 2794 379 2840 de
398 2794 638 2852 scriuerui,
662 2795 819 2840 niente
839 2795 887 2840 di
909 2810 1045 2841 meno
1067 2810 1148 2854 per
1170 2796 1324 2840 uolere
1340 2795 1557 2853 eomplire
1573 2796 1616 2839 13
1632 2794 1852 2839 obedien-

183 2871 256 2917 tia
276 2879 434 2918 nostra
448 2887 477 2918 a
491 2887 566 2918 me
582 2873 794 2932 imposta,
814 2887 864 2918 se
880 2874 1046 2919 alcuna
1060 2888 1169 2918 cosa
1183 2873 1327 2932 digna
1342 2874 1401 2917 de
1419 2873 1536 2917 farui
1551 2887 1712 2930 sapere
1728 2875 1849 2923 sera,

194 2960 255 3005 ue
278 2949 571 3017 lageriuerb.
604 2953 668 2996 M.
701 2951 920 3009 Cipriano
948 2950 1132 3010 giunse,
1163 2951 1314 3009 doppo
1341 2951 1399 2995 de
1421 2952 1463 2994 13
1492 2949 1854 3007 quatragessima

270 3117 283 3139 ⁸
332 3116 393 3153 Ex
409 3120 657 3167 autographo
674 3119 715 3156 in
733 3121 813 3156 vol.
834 3120 885 3164 A,
905 3120 1022 3157 unico
1039 3119 1148 3163 folio,
1169 3132 1208 3157 n.
1232 3120 1313 3166 143,
1333 3120 1440 3168 prius
1457 3120 1517 3155 81.
