2196 3548
355 267 421 303 124
948 261 1184 307 Episromij:
1218 261 1383 294 ΜΙΧΤΑΕ

351 359 498 415 ipsum
533 364 740 416 oportere
777 375 952 404 cessare
989 376 1015 403 a
1051 360 1242 403 lectione
1279 374 1412 415 quam
1435 360 1632 416 legebat,
1663 367 1709 404 et
1735 361 1811 405 illa
1836 361 1908 406 die
1935 378 1986 407 m

351 435 557 490 ecclesia,
583 436 661 479 ubi
682 436 778 492 ipse
794 437 1102 490 concionatur,
1122 436 1241 478 mille
1257 449 1472 491 personas
1493 436 1829 490 communicari,
1849 445 1988 483 aucto

350 511 398 555 in
424 513 576 556 multis
603 513 825 557 desiderio
852 513 1106 556 dimittendi
1140 512 1265 564 uitia,
1296 512 1514 555 mundum
1542 513 1731 569 ejusque
1763 515 1984 570 pericula,

351 596 398 632 et
419 590 538 633 ultra
562 591 620 634 ad
647 590 839 633 uirtutes
866 589 1199 646 progrediendi,
1230 590 1377 644 adque
1399 589 1613 644 majorem
1640 590 1981 646 perfectionem.

441 666 726 710 Licenciatus
748 668 913 719 Araoz,
939 666 1015 722 qui
1037 673 1134 709 erat
1155 680 1258 709 cum
1283 667 1418 708 Patre
1439 665 1614 709 Didaco
1629 667 1686 709 de
1704 667 1852 724 Eguia
1867 655 1982 712 Bar-

351 743 588 796 chinonae,
613 743 769 786 scribit
789 743 923 787 etiam
946 757 994 786 se
1016 757 1254 799 properare
1275 742 1525 785 discessum
1549 743 1714 799 (uocati
1735 743 1856 787 enim
1877 751 1987 788 sunt.

353 819 526 876 Roma);
551 835 654 863 nam
683 826 945 876 perceperat
972 821 1138 863 multos
1165 834 1298 862 suum
1319 819 1569 862 discessum
1598 834 1736 877 aegre
1765 821 1897 875 ferre,
1921 818 1989 866 ita

354 903 404 939 ut
440 903 651 940 curarent
677 897 815 950 omni,
855 897 988 939 etiam
1026 896 1327 952 Imperatoris,
1355 896 1429 939 uia
1455 910 1533 939 eos
1560 896 1792 953 impedire:
1816 897 1992 954 placuit

352 979 504 1016 tamen
539 973 686 1030 magis
720 973 977 1017 obedientia
1013 988 1148 1028 quam
1185 973 1472 1026 sacrificium,
1498 974 1620 1029 quod
1656 973 1718 1016 ibi
1750 974 1798 1017 in
1834 974 1988 1018 fructu

353 1039 620 1104 animarum,
645 1051 763 1093 sicut
784 1049 922 1106 prius,
948 1050 1206 1106 impendere
1227 1057 1382 1105 postea
1403 1051 1623 1103 ualerent,
1653 1050 1849 1095 Domino
1875 1065 1990 1108 ope-

351 1133 495 1179 rante,
520 1126 567 1169 in
596 1126 889 1170 concionibus
915 1126 1122 1182 publicis,
1155 1126 1532 1180 confessionibus,
1563 1127 1991 1172 conuersationibus

351 1210 398 1246 et
418 1203 726 1260 spiritualibus
748 1204 972 1247 exercitiis
994 1219 1172 1260 semper
1192 1203 1354 1247 intenti
1377 1211 1422 1247 et
1444 1204 1688 1261 occupatti,
1715 1212 1789 1248 etc
1817 1203 1847 1249 ¹.

443 1280 661 1337 Magister
682 1280 836 1325 Simon
860 1295 915 1324 ex
939 1281 1186 1324 Almeirino
1214 1293 1270 1334 24
1285 1280 1487 1338 Januarii
1509 1280 1681 1334 scribit,
1707 1282 1829 1337 quod
1850 1268 1989 1327 Sere-

354 1356 566 1400 nissimus
602 1359 698 1401 Rex
720 1357 782 1400 illi
810 1357 924 1400 dixit
946 1357 1279 1401 Conimbricam
1307 1357 1407 1411 iret,
1434 1364 1479 1401 et
1507 1358 1690 1401 modum
1719 1345 1987 1421 aedificandi

354 1433 561 1490 Collegii,
589 1447 668 1478 100
685 1434 862 1490 capacis
879 1434 1166 1487 scholarium,
1187 1442 1407 1487 cerneret3
1428 1442 1662 1491 praeterea
1678 1442 1744 1488 ut,
1764 1422 1992 1491 quotquot

353 1512 477 1553 uolet
513 1511 750 1556 Societatis
787 1512 1172 1563 scholasticorum,
1212 1511 1318 1555 illuc
1354 1518 1622 1556 accerseret:
1648 1519 1694 1556 et
1715 1513 1837 1568 quod
1869 1513 1991 1557 ultra

353 1587 515 1643 viginti
538 1587 738 1643 quinque
759 1589 1000 1641 scholares,
1027 1588 1102 1644 qui
1125 1587 1236 1630 inibi
1258 1589 1459 1642 student,
1485 1596 1613 1643 sunt;
1639 1603 1742 1632 cum
1771 1603 1825 1632 eo
1852 1586 1989 1652 etiam

347 1665 442 1720 jam
464 1665 511 1707 in
533 1664 666 1708 uinea
693 1665 874 1708 Domini
901 1666 1156 1708 laborantes
1183 1665 1257 1708 alii
1286 1665 1502 1721 quinque3
1533 1673 1579 1709 et
1607 1666 1730 1721 quod
1750 1667 1848 1709 Rex
1874 1650 1987 1709 scri-

351 1741 492 1798 pserit
513 1743 717 1794 Romam,
742 1748 793 1784 ut
815 1741 852 1785 si
874 1742 1034 1798 aliquis
1057 1742 1295 1787 Societatis
1316 1743 1547 1799 professus
1567 1742 1680 1785 illud
1695 1741 1915 1796 mittatur,
1939 1741 1989 1785 in

355 1819 597 1862 Castellam
619 1832 722 1861 cum
745 1818 837 1861 filia
858 1833 939 1861 sua
960 1818 1056 1875 ipse
1077 1819 1211 1862 etiam
1234 1819 1398 1872 mittat,
1423 1826 1496 1862 etc
1525 1818 1556 1862 ².

443 1897 573 1940 Unus
595 1895 798 1938 similiter
818 1910 874 1938 ex
896 1896 1176 1939 scholaribus
1198 1911 1223 1939 e
1240 1896 1528 1940 Conimbrica
1544 1895 1722 1952 scripsit
1739 1896 1796 1939 de
1812 1896 1992 1952 Legato

353 1973 580 2025 Indorum,
606 1973 728 2028 quod
750 1974 847 2016 Rex
874 1972 987 2015 dixit
1016 1973 1235 2029 Magistro
1265 1973 1450 2018 Simone
1477 1972 1681 2016 uisitaret
1708 1971 1851 2025 illum,
1875 1957 1928 2015 ut
1949 1971 1988 2015 si

351 2050 474 2092 uolet
495 2049 701 2105 xpianus.
722 2049 857 2101 effici,
878 2049 955 2104 qui
973 2051 1155 2092 tandem
1171 2049 1376 2106 xpianus.
1400 2050 1546 2093 factus
1563 2056 1646 2102 est,
1666 2048 1862 2092 Domino
1874 2062 1992 2105 ope-

352 2132 495 2178 rante,
510 2140 644 2181 quem
659 2125 769 2169 dicit
784 2140 884 2169 esse
900 2126 1113 2179 medium,
1128 2133 1179 2169 ut
1195 2126 1324 2169 multi
1341 2126 1507 2183 xpiani.
1521 2127 1647 2179 fiant3
1661 2141 1765 2169 nam
1782 2125 1830 2168 in
1843 2125 1988 2180 India,

352 2203 733 2258 quemadmodum
751 2204 871 2259 apud
893 2218 975 2246 nos
992 2210 1061 2246 est
1083 2218 1203 2246 unus
1226 2202 1493 2255 Cardinalis,
1514 2202 1610 2259 ipse
1631 2203 1826 2245 habetur
1846 2202 1875 2255 ⁸,
1895 2209 1983 2245 etc.

442 2278 657 2323 Similiter
678 2293 733 2322 ex
757 2279 1041 2322 Barchinona
1062 2279 1245 2334 quidam
1268 2280 1463 2323 deuotus
1484 2279 1500 2300 ⁴
1520 2279 1676 2322 scribit
1698 2279 1755 2321 ad
1773 2280 1826 2321 P.
1851 2279 1992 2336 Igna-

353 2355 466 2398 tium
503 2362 722 2411 quantum
759 2355 964 2398 nocuerit
999 2355 1226 2399 discessus
1262 2355 1501 2400 Licentiati
1538 2356 1703 2408 Araoz;
1737 2355 1831 2410 jam
1867 2353 1988 2397 enim

351 2432 669 2488 quamplurimi
691 2432 1005 2475 excitabantur
1026 2432 1073 2474 in
1094 2432 1169 2475 illa
1189 2432 1334 2488 patria
1355 2433 1412 2475 ad
1434 2432 1633 2484 meliora,
1659 2438 1704 2474 et
1727 2431 1988 2485 frequentes

351 2509 657 2552 confessiones
680 2516 725 2552 et
752 2509 1110 2561 communiones,
1142 2516 1187 2552 et
1216 2509 1408 2552 maxime
1436 2509 1483 2551 in
1504 2507 1786 2551 monasteriis
1813 2506 1991 2550 monia—

352 2585 462 2628 lium
486 2586 606 2628 uitae
628 2585 967 2628 reformationes
989 2585 1101 2637 fieri,
1128 2593 1214 2628 etc.

444 2663 680 2718 Quaedam
714 2669 760 2706 et
796 2663 963 2705 deuota
1004 2662 1199 2705 Domina
1242 2663 1255 2683 ⁵
1299 2662 1398 2718 ejus
1440 2661 1636 2705 ciuitatis
1671 2661 1806 2704 etiam
1836 2659 1994 2704 scribit

426 2823 436 2843 ¹
490 2823 590 2858 Vide
609 2834 738 2870 supra,
758 2822 873 2869 epist.
895 2832 954 2867 29,
974 2821 1033 2864 30,
1054 2821 1112 2866 34.

427 2882 442 2903 ¹
489 2883 731 2924 POLANcus‚
752 2883 779 2917 l.
799 2894 848 2924 c.‚
868 2893 958 2928 pag.
982 2891 1062 2927 119,
1082 2894 1120 2916 n.
1142 2881 1200 2925 58,
1218 2890 1276 2926 59.

369 2958 372 2959 ⁷
425 2941 440 2962 ³
490 2942 591 2977 Vide
615 2942 731 2988 epist.
752 2950 812 2986 27.

424 3001 441 3022 ⁴
490 3002 661 3047 Joannes
679 3001 825 3047 PuJals,
845 3012 975 3047 supra,
996 3001 1112 3046 epist.
1133 2999 1192 3035 36.

424 3061 440 3082 ⁵
488 3061 690 3108 Elisabeth
707 3060 846 3102 Roser‚
865 3060 977 3105 cujus
997 3059 1112 3106 epist.
1134 3071 1249 3106 supra
1268 3058 1474 3100 edidimus,
1494 3071 1532 3093 n.
1553 3057 1612 3100 33,
1631 3057 1691 3103 35.
