2196 3548
345 275 369 309 6
463 271 485 274 ‘⁷
650 270 654 273 ’
710 270 712 273 ’
757 269 774 273 ”
1008 284 1063 309 An
1090 282 1312 309 LECTOREM

346 377 431 419 hae
459 375 673 432 epistolae
709 377 766 419 ab
802 375 997 431 antiquis
1033 375 1118 417 illis
1147 372 1384 418 Societatis
1405 374 1515 429 Jesu
1543 371 1667 424 viris,
1698 372 1773 427 qui
1801 372 1847 414 in
1869 373 1977 415 reli-³

345 464 482 521 gione
502 464 768 508 stabilienda
795 471 841 508 et
866 464 1034 519 ubique
1060 463 1349 519 propaganda
1376 460 1540 517 Ignatii
1567 461 1795 517 adjutores
1822 469 1868 504 et
1889 463 1982 504 mi-

342 553 471 596 nistri
495 553 693 596 fuerunt.
720 552 859 596 Primi
880 551 1089 595 videlicet
1113 549 1433 601 Provinciales,
1457 549 1587 605 primi
1610 551 1840 603 Rectores,
1864 551 1974 593 mis-

343 641 525 685 sionarii
553 648 640 684 etc.
666 655 769 684 cum
791 640 960 697 optimo
980 646 1166 696 parente
1186 640 1243 681 de
1270 639 1474 680 laborum
1496 652 1726 690 successu,
1751 639 1808 680 de
1829 654 1974 694 negou

346 729 509 773 tiorum
530 729 888 781 difficultatibus,
913 730 970 771 de
985 728 1162 770 interno
1179 734 1223 770 et
1240 734 1427 769 externo
1445 726 1684 770 Societatis
1700 711 1996 771 incremento

345 819 678 873 colloquuntur.
719 817 808 861 Hic
850 816 1026 873 hispani
1063 818 1228 867 Araoz,
1275 814 1559 866 Villanueva,
1601 816 1780 867 Torres,
1812 815 1976 868 Miron,

351 906 528 950 Oviedo
550 905 714 960 aliique
734 905 1028 962 collegiorum
1050 904 1233 947 exordia
1248 910 1446 954 narrant,
1467 909 1513 945 et
1529 910 1805 946 crescentem
1822 903 1868 946 in
1884 904 1993 948 dies.

348 994 621 1039 Societatem
648 993 877 1046 exhibent;
908 993 981 1036 hic
1009 992 1190 1035 lusitani
1218 992 1446 1035 Gonzalez
1474 991 1531 1033 de
1559 991 1766 1043 Camara,
1793 998 1991 1047 uterque.

350 1082 625 1137 HenriqueZ,
652 1084 744 1126 Leo
766 1089 812 1124 et
833 1084 869 1125 F
871 1081 1117 1133 ranciscus,
1142 1080 1354 1123 Godinho
1375 1094 1485 1122 suae
1514 1079 1780 1123 Provinciae
1806 1079 1983 1124 vicissi—

349 1170 529 1213 tudines
550 1177 798 1226 exponunt.
824 1171 891 1212 Ex
912 1168 1101 1212 diversis
1126 1168 1278 1211 Italiae
1300 1167 1502 1224 partibus
1524 1170 1560 1211 F
1563 1169 1728 1220 rusius,
1763 1169 1989 1223 Palmius,

355 1260 554 1310 Manare,
575 1257 902 1309 Mercurianus,
923 1256 1130 1309 Landini,
1150 1271 1266 1312 quae
1282 1255 1451 1311 ubique
1465 1256 1563 1312 agit
1579 1263 1625 1299 et
1640 1256 1810 1313 patitur
1824 1257 1979 1302 Socie-

352 1353 437 1399 tas,
468 1347 685 1389 referunt.
716 1348 788 1389 De
815 1347 950 1388 rebus
987 1345 1033 1387 in
1064 1344 1309 1388 Germania
1344 1344 1486 1400 gestis
1521 1346 1696 1397 Kessel,
1735 1345 1991 1399 Lannoius,

355 1436 608 1479 Gaudanus
635 1434 854 1478 scribunt.
875 1435 918 1477 A
942 1433 1101 1490 Belgio
1124 1434 1309 1484 Lhoost,
1345 1434 1642 1490 Brogelmans
1663 1440 1708 1476 et
1738 1433 1997 1478 Adriaens-

354 1537 474 1577 sens3
499 1538 526 1566 a
563 1522 710 1566 Gallia
736 1524 1017 1574 Domenech,
1050 1522 1194 1573 Viola,
1227 1523 1470 1578 Cogordan
1491 1522 1664 1565 litteras
1690 1523 1815 1566 dant.
1844 1523 1994 1567 Deni·

355 1625 444 1667 que
485 1611 561 1654 vix
597 1612 716 1654 ullus
752 1611 942 1666 alicujus
973 1610 1164 1653 nominis
1201 1612 1334 1653 homo
1371 1610 1416 1652 in
1459 1610 1714 1666 primaevae
1751 1611 2001 1658 Societatis-

355 1700 594 1744 annalibus
630 1699 868 1756 reperitur,
913 1700 1044 1754 cujus
1084 1713 1175 1742 non
1223 1699 1403 1754 aliquod
1431 1699 1647 1755 scriptum
1682 1699 1728 1743 in
1759 1702 1845 1743 hac
1875 1700 2000 1748 serie-

358 1789 649 1845 epistolarum
671 1795 833 1831 exstet.

443 1877 833 1921 Desiderabuntur
849 1879 934 1920 hoc
951 1877 997 1919 in
1013 1892 1201 1920 numero
1217 1878 1467 1934 principum
1482 1879 1778 1933 quorumdam
1792 1878 1992 1922 virorum

357 1966 554 2018 nomina,
579 1973 630 2008 ut
652 1966 901 2018 Salmeron,
927 1965 1107 2018 Lainez,
1135 1967 1316 2022 Borgia,
1349 1967 1538 2010 Natalis.
1566 1967 1718 2022 Hujus
1739 1966 2002 2014 omissionis

358 2070 413 2098 ea
433 2070 571 2114 causa
592 2062 676 2107 est,
702 2055 839 2110 quod,
865 2069 1003 2110 quum
1026 2056 1193 2098 multae
1214 2063 1259 2097 et
1280 2070 1359 2111 per
1379 2056 1530 2111 plures
1551 2056 1836 2100 continenter
1851 2071 1999 2100 annos

364 2145 422 2187 ab
441 2143 513 2187 his
533 2143 791 2187 hominibus
812 2142 1027 2199 epistolae
1048 2144 1327 2199 conscriptae
1349 2144 1531 2197 tuerint,
1562 2144 1710 2188 visum
1738 2151 1824 2198 est,
1854 2159 1996 2200 quae—

364 2246 560 2288 cumque
585 2234 747 2275 horum
776 2231 943 2288 scripta
963 2231 1157 2287 reperire
1185 2232 1314 2275 nobis
1341 2232 1483 2284 licuit,
1509 2247 1536 2275 a
1565 2235 1697 2276 turba
1723 2233 1997 2291 reliquarum

360 2321 611 2363 litterarum
642 2320 885 2376 sejungere
921 2326 966 2362 et
1003 2320 1218 2375 separatis
1254 2322 1558 2366 voluminibus
1594 2323 1743 2366 edere.
1783 2323 1996 2378 Aequum

361 2409 482 2451 enim
503 2415 588 2461 est,
621 2415 671 2450 ut
698 2407 775 2463 qui
801 2409 1006 2451 laborum
1035 2409 1347 2464 magnitudine
1375 2418 1421 2453 et
1447 2411 1745 2454 diuturnitate
1771 2410 2004 2468 insignem*

364 2511 471 2553 prae
505 2496 698 2540 caeteris
728 2510 911 2552 operam
947 2503 993 2538 et
1030 2497 1256 2540 Ecclesiae
1293 2506 1338 2541 et
1375 2499 1589 2543 Societati
1626 2501 1933 2552 contulerunt,
1969 2514 2008 2545 a,
2064 2479 2068 2483 ²

363 2585 554 2630 caeteris
575 2585 709 2628 etiam
740 2585 1095 2641 distinguantur,
1127 2593 1172 2628 et
1199 2586 1245 2629 in
1269 2602 1408 2630 unum
1436 2595 1593 2631 coacta
1613 2589 1836 2645 cujusque
1856 2589 2000 2632 docu—

364 2681 537 2726 menta,
577 2655 859 2730 posterorum
897 2673 1048 2717 studio
1084 2676 1316 2718 commode
1352 2677 1663 2732 subjiciantur.
1704 2678 1754 2720 Id
1788 2677 2009 2721 histor-iae-

367 2763 562 2815 claritas,
588 2762 633 2805 id
655 2763 959 2815 rectusordo,
991 2762 1037 2804 id
1071 2762 1269 2818 ipsorum
1298 2772 1533 2808 auctorum
1555 2766 1754 2822 dignitas
1774 2767 2012 2823 postulare

371 2851 567 2894 videtur.

403 2978 407 2983 .
461 2942 536 2983 DE
565 2954 757 2983 NATURA
786 2941 1130 2984 EPISTOLARUM
1161 2942 1609 2986 M1xTARUM.—Hae
1646 2943 1863 2998 epistolae
1897 2949 2011 2986 sunt,

373 3029 638 3084 plerumque
674 3029 998 3084 autographae,
1029 3027 1270 3082 aliquando
1295 3028 1552 3084 originales,
1583 3030 1627 3072 id
1656 3038 1740 3083 est,
1771 3046 1798 3074 a
1823 3030 2014 3074 librario·
