2196 3548
337 281 408 319 474
937 278 1172 313 EPISTOLAE
1198 276 1365 312 ΜῐΧτΑΕ

427 376 545 420 Cum
563 377 772 421 Valentia
788 365 978 422 redirem
996 378 1237 431 Gandiam,
1257 378 1449 421 multum
1467 377 1586 435 (licet
1602 393 1695 422 non
1710 377 1808 422 sine
1822 378 1973 422 admi—

339 451 527 510 ratione)
544 453 730 510 gavisus
752 469 868 507 sum,
894 469 996 498 cum
1020 454 1127 497 mihi
1150 453 1303 498 retulit
1324 468 1458 498 suum
1484 454 1763 511 propositum
1787 456 1840 499 P.
1865 456 1974 500 An—

338 529 469 573 dreas
490 530 547 573 de
568 531 763 587 petendo
784 532 962 575 deserto
983 546 1086 574 cum
1113 530 1226 587 ipso,
1251 531 1357 574 licet
1381 546 1463 587 pro
1484 546 1607 574 nunc
1635 546 1727 575 non
1754 531 1967 577 sentirem

338 606 396 649 ad
417 608 504 650 hoc
525 606 766 664 impulsum
789 608 998 664 aliquem,
1018 609 1119 664 plus
1136 614 1287 652 tamen
1299 601 1401 663 ejus
1417 609 1557 651 verbo
1578 608 1816 652 credebam
1833 623 1974 665 quam

339 682 524 727 cuilibet
550 683 820 728 sentimento
847 699 964 738 meo,
995 691 1073 728 aut
1099 684 1239 728 verbo
1272 684 1472 741 cujusvis
1498 684 1707 738 hominis,
1739 684 1817 741 qui
1843 675 1902 729 sit
1921 685 1976 730 in
2015 682 2017 684 ’

338 761 525 813 mundo,
550 761 743 804 maxime
764 768 983 817 quantum
1005 762 1062 804 ad
1083 775 1152 813 ea,
1187 775 1304 816 quae
1332 760 1562 818 pertinent
1591 761 1648 805 ad
1679 776 1825 806 meam
1846 762 1976 806 salu—

341 842 448 890 tem,
473 844 655 893 propter
676 837 997 894 experientiam
1019 837 1233 881 habitam.
1962 839 1967 843 '

430 914 622 970 Propter
649 915 786 970 quod,
818 914 855 957 si
883 916 1072 958 Vestrae
1101 913 1369 958 Paternitati
1404 913 1552 975 visum
1589 914 1739 968 suerit,
1779 922 1832 959 ut
1866 929 1974 959 cum

340 991 394 1032 P.
421 991 607 1034 Andrea
627 1006 760 1048 agam
782 991 978 1034 officium
997 993 1200 1034 Marthae
1217 998 1262 1034 et
1278 990 1520 1047 aliquando
1537 992 1851 1048 Magdalenae‚
1874 991 1978 1049 ipse

279 1100 282 1104 ,
338 1080 447 1110 vero
469 1067 782 1123 Magdalenae,
807 1067 854 1110 in
870 1067 1110 1112 solitudine
1126 1067 1397 1121 habitantes,
1418 1067 1527 1110 mihi
1543 1067 1852 1125 gratissimum
1865 1067 1976 1130 erit,

338 1143 397 1186 ob
418 1142 464 1185 id
487 1144 608 1199 quod
634 1144 880 1199 multoties,
911 1159 1004 1188 rem
1031 1146 1131 1189 Deo
1159 1145 1495 1198 commendans,
1526 1151 1578 1188 ut
1605 1144 1730 1188 Patri
1757 1145 1977 1190 Andreae

340 1220 509 1263 faceret
534 1220 703 1264 sentire
731 1222 787 1265 de
815 1222 992 1265 deserto
1019 1237 1046 1265 a
1073 1237 1145 1265 me
1172 1223 1368 1278 petendo
1398 1236 1502 1266 cum
1538 1221 1653 1279 ipso,
1690 1221 1799 1266 mihi
1834 1236 1976 1280 saepe

340 1295 488 1340 visum
509 1304 578 1341 est
600 1312 700 1341 esse
721 1298 996 1342 voluntatem
1019 1298 1120 1342 Dei.
1147 1300 1253 1355 Qua
1273 1299 1330 1342 de
1346 1313 1395 1342 re
1411 1300 1621 1343 Vestram
1644 1298 1969 1344 Paternitatem

339 1373 527 1417 obsecro
541 1381 723 1432 propter
738 1375 989 1431 passionem
1007 1375 1193 1431 Christi,
1217 1375 1256 1418 si
1271 1376 1551 1419 voluntatem
1571 1375 1658 1419 Dei
1679 1389 1780 1419 esse
1795 1389 1975 1438 cogno-

338 1449 515 1503 veritis,
560 1450 792 1495 habitandi
839 1453 1097 1496 facultatem
1144 1453 1190 1495 in
1237 1451 1480 1497 solitudine
1527 1467 1631 1496 cum
1671 1452 1770 1509 ipso
1809 1453 1972 1497 eodem

338 1526 448 1570 mihi
476 1528 751 1581 concedatiS,
791 1529 941 1573 omnia
975 1536 1125 1573 vestro
1156 1529 1330 1585 judicio
1363 1536 1409 1574 et
1439 1529 1663 1573 voluntati
1693 1530 1827 1587 plene
1856 1531 1975 1574 resi*

339 1618 490 1660 gnans
516 1606 544 1647 ¹.

429 1682 636 1726 Gandiae
659 1683 722 1726 8.⁸
743 1683 976 1727 Februarii
1006 1684 1132 1738 1548.

871 1761 1171 1806 FRANCISCUS
1204 1761 1425 1814 ONFROY,
1450 1768 1730 1804 nortmanus.
1785 1796 1789 1802 .

416 1915 426 1936 ¹
478 1913 567 1950 Non
590 1914 686 1950 haec
711 1915 793 1950 Sto.
819 1915 975 1951 Parenti
999 1916 1160 1962 probata
1181 1919 1292 1959 sunt,
1317 1927 1391 1952 nec
1414 1915 1576 1963 proinde
1599 1915 1827 1952 facultatem
1849 1917 1901 1953 ab
1922 1926 1976 1953 eo

341 1973 558 2020 quaesitam
588 1974 796 2010 concessit.
822 1975 944 2010 Immo
962 1974 1129 2021 injunxit
1153 1975 1334 2019 Araozio,
1354 1981 1397 2012 ut
1419 1977 1556 2012 Patres
1579 1974 1734 2014 Oviedo
1751 1981 1792 2013 et
1816 1974 1971 2024 Oniroy

342 2033 503 2069 doceret
519 2038 706 2080 quantum
730 2033 795 2069 ille
813 2045 836 2068 a
856 2045 913 2078 re,
938 2034 1121 2070 Instituto
1145 2034 1242 2070 adeo
1266 2047 1401 2082 parum
1427 2041 1704 2078 consentanea,
1730 2027 1970 2072 abhorreret:

344 2093 443 2128 «Por
460 2097 544 2129 otra
561 2104 604 2129 se
622 2093 773 2129 escrive
791 2093 840 2128 de
857 2094 894 2128 la
911 2093 1080 2140 peticion
1098 2094 1147 2130 de
1164 2094 1235 2130 Μ.ο
1254 2095 1454 2131 Andres...
1471 2107 1498 2142 y
1511 2098 1656 2142 quanto
1669 2099 1830 2138 nuestro
1847 2094 1977 2131 Padre

342 2155 427 2188 esta
443 2152 554 2188 fuera
570 2153 620 2188 de
638 2158 737 2196 esto,
756 2152 893 2188 siendo
910 2165 1000 2189 cosa
1014 2160 1079 2190 tan
1096 2166 1194 2202 poco
1211 2154 1411 2191 conforme
1428 2155 1463 2191 al
1482 2155 1667 2191 Instituto
1683 2154 1733 2191 de
1751 2155 1789 2191 la
1802 2154 1970 2203 Compa-
2019 2199 2022 2201 ¹

342 2214 475 2248 flia...»
494 2213 557 2248 Ex
574 2213 741 2262 Regesto
757 2212 871 2260 epist.
892 2212 966 2249 Sti.
984 2214 1155 2262 Ignatii,
1175 2219 1203 2250 t.
1222 2224 1249 2259 1,
1268 2226 1356 2262 pag.
1379 2214 1625 2261 146.—Quae
1648 2213 1778 2251 omnia
1793 2219 1977 2252 accurate

341 2272 502 2319 exponit
519 2272 760 2316 POLANCUS,
782 2272 1018 2315 Chronicon,
1039 2278 1066 2309 t.
1085 2283 1112 2319 1,
1132 2285 1220 2321 pag.
1240 2273 1323 2316 313,
1343 2287 1382 2310 n.
1401 2282 1484 2320 272,
1503 2286 1620 2322 quem
1633 2274 1724 2310 vide
1737 2285 1826 2311 cum
1838 2273 1977 2322 adjun-

340 2331 415 2367 ctis
439 2332 494 2367 ibi
515 2332 846 2376 annotationibus,
872 2337 911 2367 et
935 2333 1150 2380 epistolam,
1177 2345 1271 2369 sane
1294 2335 1544 2381 praeclaram,
1570 2334 1611 2370 in
1635 2327 1783 2370 Cartas
1809 2334 1857 2370 de
1886 2333 1978 2370 San.

343 2392 525 2440 Ignacio,
546 2397 573 2427 t.
592 2402 633 2434 11,
652 2403 742 2439 pag.
772 2401 939 2439 1²2·129-
