2196 3548
343 297 415 343 276
945 298 1182 332 EplsTOLAE
1210 296 1377 331 ΜιΧΤΑΕ

431 399 501 442 De
539 399 759 455 Portugal
796 405 998 442 tenemos
1031 399 1166 442 letras
1203 400 1332 439 cerno
1358 399 1487 439 este'm
1513 394 1619 439 bien
1655 410 1685 451 y
1712 396 1902 451 buenos;
1941 411 1973 452 y

341 476 545 519 muchos.
570 475 716 519 Dizen
738 489 826 531 que
852 475 893 518 el
915 477 1011 530 Rey
1034 474 1188 529 quiere
1215 478 1456 528 perpetuar
1482 478 1611 516 renta
1637 472 1680 515 al
1712 471 1916 529 Colegio,
1939 487 1975 530 y

340 566 430 608 que
449 567 500 596 se
520 551 731 596 entendia
752 566 809 595 en
831 552 917 595 ello
949 554 978 594 ¹.
2037 543 2041 546 ζ

423 630 495 673 De
526 629 594 672 los
630 627 838 672 benditos
875 628 1083 679 Nicolao,
1115 625 1316 670 Antonio
1352 640 1382 681 y
1404 626 1522 683 Joan
1549 625 1606 668 de
1634 626 1784 681 Veyra
1811 626 1850 678 ²,
1882 639 1975 681 que

337 719 479 763 agora
499 721 561 748 vn
582 711 670 749 ano
692 704 918 761 partieron
939 705 995 747 de
1018 703 1237 758 Portugal
1258 716 1367 758 para
1387 702 1454 744 las
1474 700 1642 754 Indias,
1665 701 1816 745 tienen
1836 701 1981 746 letras

337 782 395 826 de
416 781 732 838 Moeanvique,
755 781 813 824 de
834 793 863 835 4
883 782 940 824 de
961 781 1155 836 Agosto,
1176 782 1321 831 eemo,
1341 791 1520 832 avnque
1536 778 1766 832 quedaron
1787 777 1974 822 dozien·

338 865 406 902 tas
427 859 586 915 leguas
607 859 665 902 de
685 859 751 901 las
772 865 893 901 otras
914 870 1070 908 naues,
1106 857 1309 911 llegaron
1331 861 1482 898 tamen
1502 854 1570 897 los
1597 853 1830 910 primeros.
1855 855 1974 898 Par--

337 934 430 978 tian
451 949 560 992 para
579 936 682 979 Goa
697 941 796 978 otro
817 933 905 987 dia,
925 948 955 989 y
971 947 1059 988 que
1076 932 1206 975 avian
1223 931 1382 974 sauido
1399 945 1570 975 nuevas
1587 931 1644 974 de
1665 932 1797 975 Mtre.
1823 931 1860 975 F
1862 945 1970 975 ran-

337 1011 474 1065 cisco,
499 1026 607 1068 muy
629 1011 797 1067 feliees.

426 1089 599 1145 Agora,
624 1102 681 1131 en
723 1095 819 1131 esta
854 1089 980 1140 hora,
1025 1100 1097 1129 me
1132 1100 1190 1128 an
1226 1084 1389 1128 venido
1430 1100 1457 1128 a
1492 1083 1615 1128 dezir
1651 1098 1740 1140 que
1774 1089 1902 1141 parte
1927 1083 1972 1129 61

336 1166 408 1210 Sr.
433 1166 562 1208 Dean
584 1167 707 1208 Rosa
728 1166 761 1218 ³,
787 1179 816 1220 y
837 1163 1024 1220 piensan
1046 1176 1134 1218 que
1162 1166 1261 1205 sera'.
1282 1162 1442 1219 lueg03
1467 1177 1497 1218 y
1518 1176 1598 1218 asy
1614 1175 1674 1205 no
1701 1159 1886 1205 scrivire
1907 1175 1934 1206 e

335 1241 578 1298 particular
593 1245 620 1284 ἐι
636 1247 821 1284 nuestro
839 1240 998 1283 Padre.
1021 1241 1249 1294 Tampoco
1270 1252 1320 1281 se
1335 1238 1510 1281 ofresee
1530 1252 1637 1281 cosa
1651 1237 1857 1294 singular
1875 1250 1972 1294 que
1985 1250 2005 1278 ¹.

335 1318 378 1362 16
398 1317 572 1371 scrivir,
598 1332 710 1374 pues
732 1317 774 1360 el
791 1319 843 1360 P.
866 1318 996 1359 Mtre.
1018 1317 1053 1358 F
1056 1316 1164 1358 abro
1186 1319 1286 1358 sera
1302 1315 1415 1358 letra
1434 1314 1556 1358 viua.
1582 1315 1624 1358 Y
1644 1328 1726 1371 por
1746 1314 1790 1357 la
1809 1303 1977 1359 misma.

335 1408 494 1438 rrazon
516 1409 575 1437 no
599 1400 729 1437 torno
750 1397 777 1436 ἐι
793 1392 949 1436 scrivir
966 1396 992 1435 ἐι
1008 1398 1191 1434 nuestra
1207 1393 1423 1434 hermana
1438 1391 1583 1435 Isabel
1599 1392 1756 1444 Roser,
1768 1382 1974 1434 'aviendo

336 1485 474 1527 pocos
495 1470 593 1514 dias
615 1484 703 1526 que
723 1471 766 1513 le
786 1469 937 1513 scriui.

421 1549 493 1592 De
528 1548 571 1591 la
606 1554 782 1590 muerte
812 1545 1014 1602 preciosa
1039 1546 1096 1588 de
1123 1546 1158 1587 F
1163 1558 1320 1588 rances
1350 1546 1482 1603 Joan,
1513 1546 1729 1588 hermano
1757 1545 1831 1589 del
1857 1546 1967 1589 cha·

335 1624 511 1670 tissimo'
534 1625 665 1668 Mtre.
692 1622 956 1666 Hierenimo
979 1623 1011 1674 ⁴,
1037 1635 1149 1677 pues
1177 1622 1220 1664 lo
1242 1623 1374 1665 sabra
1396 1636 1478 1678 por
1498 1622 1636 1666 letras
1656 1622 1714 1666 de
1737 1620 1971 1678 Baleneia,

334 1715 394 1745 no
417 1707 555 1758 tengo
577 1703 666 1756 que
686 1700 729 1743 le
750 1699 922 1742 scrivir.

422 1778 512 1822 Sea
527 1779 635 1835 Jhu.
656 1777 774 1832 Xpo.
800 1782 985 1819 nuestro
1007 1777 1152 1820 Senor
1174 1789 1231 1819 en
1253 1782 1461 1819 nuestras
1482 1775 1637 1818 almas.

422 1856 493 1898 De
514 1853 691 1898 Madrid
714 1866 738 1908 3
761 1853 819 1896 de
842 1855 974 1908 Mayo
1003 1853 1127 1907 1546.

1610 2025 1639 2082 Ἰ(

1535 2085 1722 2128 ARAoz.

1269 1930 1458 1982 Seruus,

988 2176 1307 2215 EPISTOLIUM

633 2292 983 2323 SUPERIORIBUS
1016 2292 1240 2322 LITTERIS
1273 2291 1631 2332 ADJUNGENDUM
1660 2280 1676 2302 ⁵

421 2394 528 2436 Este
549 2398 637 2435 ano
659 2406 717 2434 an
739 2390 912 2446 partido
934 2391 990 2433 d'e
1013 2391 1234 2447 Portugal
1255 2405 1362 2447 para
1389 2392 1456 2434 las
1476 2391 1626 2435 Indias
1646 2391 1762 2446 diez;
1785 2407 1817 2449 y
1836 2377 1970 2437 entre

331 2471 398 2514 los
418 2476 541 2513 otros
562 2483 589 2511 a
609 2468 721 2524 sydo
743 2468 785 2510 61
805 2481 895 2510 vno
918 2467 1145 2523 Cipriano,
1171 2468 1212 2511 61
1233 2467 1434 2522 bendito,
1458 2484 1489 2525 y
1510 2482 1567 2512 en
1589 2482 1643 2512 su
1663 2469 1796 2526 lugar
1817 2470 1964 2526 queda

404 2625 414 2644 ¹
466 2621 567 2657 Vide
586 2621 701 2668 epist.
722 2620 976 2666 superiorem.

400 2683 415 2703 ²
465 2679 650 2715 Nicolaus
668 2679 905 2714 Lancillotus
923 2679 985 2714 vel
1005 2678 1260 2722 Lancilottus,
1278 2680 1472 2717 Antonius
1490 2681 1713 2718 Criminalis
1731 2687 1772 2719 et
1788 2684 1968 2730 Joannes

329 2741 379 2776 de
396 2739 523 2784 Beira,
543 2751 592 2775 ex
610 2738 875 2785 superioribus
894 2738 1034 2774 litteris
1048 2739 1143 2774 satis
1161 2739 1322 2784 cogniti.

401 2801 416 2821 ³
466 2797 674 2834 Francisco
691 2797 741 2833 de
759 2798 795 2833 la
813 2797 930 2832 Roca.
948 2797 1048 2833 Vide
1067 2798 1182 2844 epist.
1199 2806 1259 2842 70.

400 2860 415 2881 ⁴
464 2857 729 2903 Hieronymus
748 2857 988 2891 Domenech.
1010 2858 1069 2892 De
1089 2858 1239 2902 Joanne
1259 2857 1341 2903 egit
1359 2857 1486 2894 Araoz
1505 2870 1634 2906 supra,
1654 2860 1770 2907 epist.
1789 2867 1853 2906 71.

400 2918 416 2941 ⁸
464 2917 524 2953 Ex
540 2916 781 2962 autographo
798 2915 839 2950 in
856 2916 934 2950 vol.
956 2916 1004 2957 A,
1025 2916 1140 2951 unico
1158 2916 1264 2958 folio,
1283 2929 1322 2952 n.
1343 2924 1403 2962 27,
1422 2918 1529 2965 prius
1548 2918 1630 2964 246.
1648 2919 1710 2954 Ad
1726 2919 1965 2966 praeceden-

329 2981 410 3013 tem
427 2976 632 3024 epistolam
650 2979 840 3022 spectare,
861 2986 905 3010 ac
923 2975 1084 3021 proinde
1102 2975 1230 3011 eidem
1254 2976 1540 3023 subjiciendum
1560 2989 1662 3021 esse,
1682 2978 1848 3016 suadent
1871 2991 1961 3017 cum

329 3040 615 3083 argumentum,
635 3035 744 3070 locus
761 3038 802 3069 et
823 3033 908 3069 dies
933 3034 1167 3081 scriptionis,
1190 3040 1272 3071 tum
1303 3036 1421 3072 etiam
1438 3036 1472 3072 is
1485 3037 1552 3084 qui
1569 3036 1706 3074 scribit
1729 3043 1770 3075 et
1785 3038 1850 3076 cui
1868 3039 1965 3077 scri·
2028 3053 2034 3059 ·

329 3098 449 3134 bitur.
