2196 3548
404 231 476 269 570
1006 229 1243 262 EplsTOLAE
1270 228 1438 263 MixrAE

395 314 486 381 jas.
512 328 804 383 Querriamos
825 330 882 373 ad
910 330 1122 385 majorem
1151 330 1374 373 cautelam
1405 344 1492 385 que
1519 331 1586 373 los
1613 331 1864 387 despachos
1890 347 1939 377 se
1964 333 2040 390 pi-

403 402 603 457 diessen,
638 419 697 448 no
724 406 932 449 obstante
959 420 1058 448 esse
1085 405 1345 461 priuilegio,
1377 420 1465 461 que
1499 406 1805 462 podiessemos
1832 408 2037 463 edificat,

401 493 574 535 porque
595 485 675 524 aca
698 488 898 525 tenemos
920 483 1084 524 mucha
1100 481 1348 525 difficultad
1364 483 1421 526 de
1438 483 1546 525 allar
1564 483 1737 527 asiento
1753 488 1780 527 ὁ
1796 485 1928 542 lugar
1945 499 2040 542 que

401 569 479 599 sea
501 560 527 600 a
548 558 791 613 proposito.

488 635 652 678 Destas
674 649 801 678 casas
822 637 879 679 de
900 637 943 678 la
964 636 1090 691 placa
1112 636 1168 678 de
1191 636 1332 679 Santa
1354 636 1490 679 Anna
1511 650 1570 678 no
1593 643 1795 680 tenemos
1818 652 1906 681 avn
1927 652 2040 683 cosa

399 709 555 764 cierta,
580 725 662 766 por
682 718 801 755 estar
822 713 863 755 el
885 713 1029 756 Senos
1050 712 1189 754 dellas
1213 712 1338 755 fuera
1364 713 1421 755 de
1442 712 1485 755 13
1506 712 1686 757 ciudad:
1716 714 1760 756 13
1786 714 2038 760 resolution

398 800 628 842 speramos
650 803 758 844 muy
779 795 944 844 presto.
972 789 1065 832 Son
1087 803 1229 840 casas,
1255 802 1383 831 como
1400 789 1449 844 ja
1470 803 1528 832 en
1543 789 1587 832 13
1603 796 1700 833 otra
1717 797 1857 848 tengo
1878 790 2034 846 dicho,

398 877 507 919 muy
535 868 561 907 a
588 865 833 921 prop6sito,
867 879 953 908 con
981 867 1175 908 claustra
1203 865 1260 908 de
1286 865 1463 919 dentro,
1495 880 1552 909 en
1570 867 1622 909 ,13
1659 868 1765 922 qual
1800 882 1849 911 se
1885 869 2038 924 puede

396 954 546 983 morar
566 942 622 984 de
643 949 866 997 presente,
892 940 996 984 bien
1018 942 1249 998 dispuesto
1270 942 1402 998 lugar
1423 957 1531 998 para
1557 957 1662 986 casa
1683 944 1741 988 de
1767 943 1975 1002 religion,
1999 960 2036 1002 y

395 1016 530 1072 lugar
556 1032 664 1073 para
691 1019 827 1061 hazer
855 1018 1114 1074 Colleggio,
1147 1019 1328 1073 quando
1355 1026 1541 1062 nuestro
1569 1021 1715 1064 Sefior
1741 1023 1830 1064 assi
1856 1021 1901 1064 lo
1927 1021 2033 1077 qui-

395 1085 534 1136 siesse
555 1095 761 1137 ordenar.
790 1095 928 1151 Plega
950 1099 976 1137 a
998 1102 1181 1137 nuestro
1204 1095 1350 1139 Sefior
1370 1096 1414 1139 lo
1436 1096 1663 1140 concierte
1682 1111 1713 1152 y
1734 1097 1902 1141 ordene
1922 1098 2036 1142 todo

394 1183 526 1212 como
546 1185 573 1213 3
593 1171 650 1213 (16
671 1185 743 1214 ser
764 1185 872 1227 para
892 1175 988 1214 mas
1010 1171 1154 1228 gloria
1174 1187 1204 1227 y
1225 1171 1411 1215 seruitio
1432 1173 1490 1215 de
1516 1187 1571 1216 su
1598 1172 1754 1216 diuina
1781 1175 2028 1230 Magestat‚

394 1261 425 1302 y
446 1250 473 1289 a
493 1254 701 1290 nosotros
722 1262 805 1291 nos
827 1249 883 1291 de
905 1237 960 1291 su
981 1255 1111 1291 santo
1132 1248 1291 1304 spiritu
1312 1264 1342 1304 y
1364 1249 1518 1305 gracia
1538 1264 1647 1306 para
1667 1264 1724 1293 en
1741 1250 1848 1294 todo
1863 1265 2035 1295 conos—

393 1337 470 1366 cer
490 1338 521 1379 y
551 1323 692 1366 sentir
718 1339 773 1367 su
801 1324 955 1367 diuina
980 1326 1197 1369 voluntad
1224 1341 1254 1381 y
1282 1326 1458 1381 aquella
1486 1333 1792 1371 enteramente
1819 1326 2030 1384 complir„

393 1400 560 1452 Amen,
586 1415 733 1443 amen.

480 1478 551 1520 De
575 1478 823 1520 Barcelona
845 1482 871 1520 a
894 1491 948 1532 23
971 1478 1027 1521 de
1050 1478 1326 1522 Nouiembre
1355 1480 1481 1533 1548.

747 1555 817 1597 De
840 1556 895 1598 V.
924 1556 977 1598 R.
1005 1554 1154 1599 sieruo
1175 1570 1232 1599 en
1249 1557 1359 1613 Jesu
1382 1557 1521 1612 Xpo.,

1380 1634 1505 1690 JOAN
1529 1635 1782 1689 QUERALT.

478 1707 826 1763 Superscrz‘ptio:
861 1709 950 1751 Ihs.
992 1709 1052 1751 Al
1087 1723 1196 1764 muy
1228 1708 1339 1752 R.d0
1373 1710 1521 1754 Padre
1557 1725 1614 1754 en
1646 1712 1766 1767 Xpo.
1801 1712 1844 1755 61
1875 1712 2031 1756 Padre

388 1784 522 1827 Mtre.
543 1785 661 1841 Joan
682 1785 739 1827 de
761 1785 960 1827 Polanco
981 1785 1037 1827 de
1059 1785 1101 1828 13
1123 1786 1375 1842 Compafiia
1401 1787 1457 1830 de
1479 1789 1614 1845 Jesus
1642 1794 1828 1831 nuestro
1857 1789 2026 1843 Senon

387 1873 447 1902 en
469 1861 627 1903 Roma.
1101 1860 1104 1864 ’

1155 2009 1259 2049 177

749 2114 1040 2159 PHILIPPUS,
1068 2115 1323 2152 PRINCEPS
1350 2117 1653 2162 HISPANIAE,

908 2212 1056 2255 DUCI
1089 2214 1498 2258 VENETIARUM

975 2326 1247 2354 coMPLuro...
1279 2320 1369 2365 1548
1401 2323 1425 2355 ¹.

381 2410 621 2446 Societatem
650 2412 910 2454 commendat,
930 2418 973 2448 ut
996 2413 1217 2459 Collegium
1244 2415 1447 2451 Trinitatis
1471 2417 1705 2453 Patavinum
1734 2418 1858 2454 libere
1876 2418 1962 2466 ipsa
1977 2424 2024 2455 et

892 2460 976 2495 sine
995 2462 1073 2496 ullo
1091 2462 1372 2508 impedimento
1391 2463 1519 2499 adeat.

1184 2540 1213 2597 Ἰ(

470 2625 659 2669 Illustris
680 2628 802 2678 Dux,
828 2626 970 2670 amice
991 2635 1148 2672 noster
1169 2629 1359 2683 sincere,
1385 2631 1562 2675 dilecte.
1590 2632 1850 2676 Entendido
1872 2635 2021 2678 haue-

381 2715 482 2744 mos
499 2716 587 2758 que
608 2710 793 2746 nuestro
814 2718 922 2759 muy
944 2705 1113 2748 Sancto
1139 2707 1285 2750 Padre
1300 2709 1359 2751 ha
1375 2701 1523 2752 hech'o
1541 2709 1696 2765 gracia
1717 2710 1790 2754 del
1806 2709 2022 2767 Collegio

455 2845 465 2864 ¹
516 2844 574 2878 Ex
603 2846 843 2891 autographo
873 2845 913 2880 in
943 2848 1020 2881 vol.
1050 2849 1255 2895 Epistolae
1285 2850 1550 2897 Principum,
1586 2851 1703 2887 unico
1732 2851 1846 2896 folio,
1881 2863 1920 2888 n.
1955 2860 2016 2898 17,

379 2902 487 2949 prius
505 2902 588 2948 473.
609 2903 735 2940 Abest
752 2904 972 2951 scriptionis
989 2907 1086 2943 dies:
1106 2909 1205 2944 hanc
1223 2915 1353 2945 autem
1377 2910 1594 2957 epistolam,
1613 2910 1767 2947 etiamsi
1789 2912 1905 2958 longe
1923 2917 2017 2948 ante-

380 2962 645 2997 Novembrem
664 2963 846 3010 scriptam
864 2976 951 3000 esse
976 2966 1400 3013 existimemus,—vide
1423 2981 1553 3016 supra,
1578 2970 1692 3017 epist.
1715 2979 1801 3016 141,
1818 2973 1908 3018 pag.
1926 2971 2017 3016 466,

375 3021 588 3066 4673-hoc
606 3027 736 3058 tamen
755 3024 838 3059 loco
856 3026 1099 3071 apponimus,
1116 3032 1159 3061 ut
1176 3039 1263 3062 curn
1282 3029 1462 3075 sequenti
1479 3029 1774 3075 conjungamus.
