2190 3510
931 216 1154 253 APPENDIX
1799 226 1872 272 589

300 315 366 370 4.'⁰
427 316 479 359 In
500 316 543 360 la
565 318 690 361 scola
710 317 742 361 il
765 325 917 375 tempo
946 320 1032 363 che
1060 333 1141 375 per
1168 319 1321 363 alcuni
1349 321 1454 364 delli
1486 324 1629 366 nostri
1652 340 1747 369 non
1768 332 1869 372 sara

211 391 255 436 la
282 393 471 438 lettione
498 395 583 439 che
612 394 650 438 si
677 395 816 452 legge
845 395 1211 453 proportionata,
1243 397 1445 441 habbino
1474 402 1649 455 grande
1681 416 1790 447 cura
1822 405 1868 447 di

211 483 448 527 comporre
469 485 497 515 0
519 486 654 528 prosa
675 487 703 516 o
724 472 861 526 versi,
886 487 915 516 o
935 473 981 516 di
1003 473 1180 518 studiat
1199 488 1281 531 per
1307 489 1373 527 se,
1405 490 1433 518 o
1460 475 1506 518 di
1535 492 1762 534 ensegnar
1792 482 1866 524 alli

209 547 347 605 putti‚
386 549 474 593 che
508 563 672 593 manco
708 565 874 603 sanno,
905 549 1243 595 esercitandose
1271 566 1352 608 per
1379 551 1411 595 il
1438 553 1588 609 parlar
1614 555 1778 610 latino,
1810 559 1867 602 de

209 631 334 670 sorte
363 627 451 670 che
487 641 580 670 non
618 626 655 670 si
692 628 833 684 perda
860 627 891 671 il
921 635 1074 685 tempo
1103 630 1190 672 che
1217 643 1310 672 non
1338 630 1659 686 spenderanno
1689 632 1736 676 in
1766 635 1867 677 udir

208 701 414 748 lettione.

299 783 363 837 5.⁰
424 781 461 824 11
487 781 695 839 superior
721 784 838 828 veda
865 783 1154 842 (trovandosi
1182 783 1361 828 diverse
1389 785 1532 842 scole)
1561 801 1611 830 se
1641 787 1760 831 forse
1791 803 1866 832 sa-

206 858 347 903 rebbe‘
367 858 540 917 meglio
562 859 740 904 divider
760 860 791 903 li
813 860 976 906 scolari
998 861 1306 918 grammatici,
1337 861 1436 906 cioe
1464 864 1791 922 mandandogli
1819 866 1864 910 di

202 931 297 981 due
317 934 366 979 in
387 936 479 980 due
494 951 527 999 ,o
549 936 596 979 di
620 950 645 992 3
668 937 716 981 in
740 951 764 994 3
793 937 842 982 in
869 937 1049 983 diverse
1076 938 1218 991 scole,
1249 946 1296 983 et
1325 940 1446 983 forse
1472 941 1664 985 sarebbe
1692 943 1864 1000 meglio

203 1026 286 1070 per
305 1013 399 1057 due
424 1013 627 1071 ragioni:
658 1015 702 1058 la
729 1015 897 1072 prima,
927 1016 1096 1072 perche
1123 1015 1202 1072 piu
1230 1015 1490 1061 facilmente
1517 1018 1559 1062 le
1589 1018 1764 1076 fatighe
1790 1021 1864 1064 del

203 1097 433 1147 precettor
453 1093 493 1136 s’
516 1093 721 1136 haranno
742 1093 887 1150 gratis
908 1107 990 1150 per
1015 1092 1092 1136 doi
1121 1094 1211 1137 che
1234 1107 1315 1150 per
1336 1093 1487 1138 molti:
1513 1095 1556 1139 la
1577 1097 1798 1150 seconda‚
1833 1097 1864 1140 li

153 1195 156 1198 ·
203 1167 352 1212 nostri
372 1169 639 1214 haveranno
661 1169 1012 1214 conversatione
1034 1184 1124 1213 con
1146 1169 1225 1227 piu
1247 1171 1412 1215 scolari
1436 1171 1483 1215 in
1511 1171 1691 1217 diverse
1718 1175 1862 1229 scole,

202 1250 251 1289 et
271 1244 367 1290 cosi
387 1247 674 1303 potrebbono
695 1248 969 1304 guadagnar
990 1246 1069 1304 piu
1097 1246 1143 1290 di
1171 1248 1323 1291 alcuni
1351 1249 1515 1293 scolari
1542 1251 1601 1294 de
1628 1251 1757 1295 buon
1789 1251 1864 1296 in-

202 1334 362 1380 gegno
382 1337 465 1381 per
485 1324 529 1368 la
550 1324 855 1382 Compagnia.
883 1326 1056 1369 Tamen
1078 1332 1240 1380 questa
1267 1326 1512 1383 partitione
1539 1327 1585 1371 di
1616 1343 1708 1373 una
1739 1331 1863 1375 scola

200 1414 229 1444 a
249 1401 389 1446 molte
410 1400 476 1446 sia
497 1401 545 1445 in
567 1401 770 1460 giudicio
791 1402 866 1446 del
887 1401 1135 1459 superiore,
1161 1417 1253 1446 non
1271 1405 1504 1460 perdendo
1522 1405 1553 1448 li
1570 1406 1713 1450 nostri
1730 1405 1761 1449 il
1776 1421 1863 1451 suo

201 1483 375 1535 tempo.

699 1607 841 1638 CIRCA
875 1607 922 1637 LI
958 1606 1160 1638 SCOLARI
1195 1607 1359 1639 LOGICI

289 1712 356 1756 6.⁰
416 1712 667 1770 Supposito
690 1714 778 1757 che
799 1711 846 1756 in
869 1719 989 1757 tutte
1010 1713 1038 1756 1'
1064 1712 1315 1757 universita
1341 1713 1387 1757 di
1415 1714 1524 1758 boni
1546 1716 1702 1770 studii,
1728 1731 1858 1763 come

200 1787 391 1844 Parisie‚
414 1791 490 1836 vel
510 1790 549 1835 si
571 1789 776 1849 pigliano
798 1797 867 1835 tre
895 1790 1002 1835 anni
1025 1805 1051 1835 e
1071 1805 1231 1835 mezzo
1253 1805 1281 1834 o
1303 1803 1331 1846 4
1354 1791 1461 1835 anni
1483 1807 1565 1849 per
1591 1793 1695 1837 udir
1716 1795 1749 1836 l’
1772 1796 1858 1839 arti

197 1865 373 1912 liberali
393 1882 482 1912 con
503 1868 757 1925 quotidiani
779 1868 957 1914 lettioni
979 1875 1026 1912 et
1045 1867 1284 1922 essercitii,
1310 1868 1447 1914 etiam
1469 1869 1633 1915 diebus
1660 1872 1854 1927 festivis,

195 1943 294 1989 cosi
316 1945 501 1990 udendo
524 1959 550 2002 3
573 1945 681 1990 anni
703 1945 874 2004 integri
895 1961 923 1989 o
947 1959 972 2001 3
995 1952 1042 1989 et
1063 1959 1220 1989 mezzo
1235 1945 1489 2000 dialectica,
1509 1947 1662 2005 logica
1683 1956 1730 1993 et
1751 1950 1855 1993 filo-

192 2023 323 2077 sofia,
347 2030 395 2068 et
414 2037 572 2068 mezzo
592 2039 717 2068 anno
739 2039 820 2081 per
846 2024 1038 2068 reveder
1060 2030 1200 2076 tutto,
1231 2038 1260 2067 o
1281 2038 1362 2080 per
1394 2025 1462 2068 sar
1484 2025 1549 2082 gli
1572 2025 1654 2069 atti
1678 2034 1725 2070 et
1745 2042 1858 2084 grad

188 2099 374 2156 duarse;
399 2107 446 2145 et
476 2101 716 2159 supposito
739 2103 826 2146 che
848 2102 882 2145 ’l
903 2102 1102 2159 profetto
1130 2101 1250 2146 della
1277 2101 1510 2146 dialettica
1537 2110 1583 2146 et
1611 2103 1760 2161 logica
1787 2105 1854 2149 sia

189 2178 333 2223 havet
361 2179 393 2222 l'
422 2179 581 2224 habito
616 2179 663 2223 di
699 2180 908 2237 disputat
935 2187 982 2223 et
1015 2179 1278 2236 responder;
1308 2179 1339 2222 li
1368 2179 1603 2234 dialettici,
1641 2181 1779 2239 logici
1807 2190 1853 2226 et

190 2254 354 2300 filosofi
369 2255 539 2300 vadino
561 2257 648 2301 alle
668 2257 793 2301 scole
815 2256 1046 2314 publiche,
1071 2255 1148 2300 alli
1169 2256 1416 2301 monasteri
1438 2264 1484 2301 et
1506 2258 1599 2315 agli
1622 2258 1723 2302 altri
1745 2274 1852 2316 pre-

190 2332 353 2377 cettori
373 2334 460 2378 che
482 2333 876 2391 particolarmente
897 2334 1097 2391 leggano
1120 2333 1217 2378 fora
1237 2334 1282 2378 la
1302 2348 1424 2387 casa,
1450 2337 1651 2380 secondo
1680 2337 1722 2380 el
1743 2336 1851 2394 giu-

190 2409 314 2455 dicio
335 2411 411 2455 del
437 2410 645 2468 superior
673 2412 817 2470 (come
838 2410 884 2455 di
911 2414 1112 2456 Maestro
1135 2410 1290 2455 Pietro
1311 2413 1348 2455 F
1351 2412 1494 2469 abro).
1521 2412 1701 2457 Veniva
1721 2413 1801 2470 piu
1823 2430 1851 2459 a

149 2542 153 2547 .
187 2487 423 2545 proposito
445 2487 552 2533 delli
574 2488 770 2532 scholari
791 2488 839 2532 in
867 2489 930 2532 tal
951 2489 1104 2542 modo,
1129 2490 1215 2533 che
1236 2488 1268 2531 li
1291 2488 1369 2533 tali
1396 2489 1575 2534 lettioni
1599 2491 1793 2535 faeendo
1816 2493 1846 2534 l’

189 2564 306 2610 altre
325 2565 644 2623 disputationi,
678 2567 780 2610 loro
809 2566 1011 2610 habbino
1041 2567 1101 2610 da
1129 2567 1225 2610 fare
1253 2565 1285 2609 il
1311 2567 1560 2611 medesimo
1592 2582 1679 2612 con
1708 2570 1848 2614 molta

187 2641 510 2698 sollicitudine;
542 2651 589 2688 et
616 2645 802 2702 quando
838 2646 924 2688 che
951 2659 1033 2701 per
1058 2643 1124 2702 gli
1152 2643 1254 2687 altri
1283 2659 1379 2688 non
1406 2644 1444 2687 si
1474 2646 1649 2690 facesse
1681 2647 1848 2691 alcuno

186 2719 399 2764 esercitio
419 2719 466 2764 di
487 2721 812 2779 disputatione,
836 2720 1040 2765 habbino
1056 2722 1114 2766 de
1137 2722 1205 2764 far
1221 2721 1268 2764 in
1289 2735 1396 2765 casa
1417 2722 1669 2768 esatissime
1697 2725 1848 2781 [sopra

186 2803 307 2842 tutte
326 2797 370 2842 le
390 2798 568 2843 lettioni
589 2799 717 2843 udite
737 2814 892 2843 coram
915 2801 1115 2844 Maestro
1137 2798 1294 2843 Pietro
1315 2799 1352 2842 F
1355 2799 1465 2843 abro
1488 2807 1534 2844 et
1556 2801 1621 2858 gli
1649 2802 1846 2845 esercitii

184 2873 420 2929 ordinarii,
446 2883 575 2920 tanto
595 2876 642 2920 di
663 2875 951 2934 grammatici
979 2890 1110 2920 come
1130 2875 1178 2919 di
1206 2875 1347 2933 logici
1376 2883 1423 2920 et
1450 2877 1612 2922 filosofi
1641 2886 1687 2922 et
1715 2881 1847 2923 theo-

185 2950 298 3010 logi.
326 2950 455 3010 Ogni
481 2953 531 2998 di
560 2954 691 2998 siano
718 2953 976 3011 repetitioni
1003 2954 1123 2998 delle
1150 2952 1331 2998 lettioni
1359 2952 1619 2999 immediate
1650 2957 1770 3013 dopo
1803 2958 1845 2999 la

187 3028 396 3086 lenione,
415 3039 462 3075 et
482 3047 546 3077 un
572 3034 686 3077 hora
706 3032 737 3076 il
759 3031 825 3086 di,
851 3031 953 3076 cioe
980 3032 1069 3076 alla
1097 3046 1214 3086 sera,
1246 3045 1326 3089 per
1355 3030 1422 3075 far
1443 3033 1675 3090 'questioni
1697 3042 1743 3078 et
1773 3034 1845 3077 di-
