2196 3548
943 240 1023 277 Ax.
1056 239 1150 287 1539
1821 255 1861 281 ιι

197 339 554 399 superficiem,
585 340 777 396 quieran
803 355 861 385 en
888 342 934 386 la
960 341 1110 387 celere
1146 350 1385 400 respuesta
1419 344 1551 388 desta
1578 345 1811 400 satissaqer
1841 352 1867 389 a

208 417 714 474 hsdeudasspasadas,
735 431 912 474 porque
933 433 995 475 yo
1015 433 1091 462 me
1112 419 1274 463 tendre
1295 433 1379 476 por
1399 419 1505 467 bien
1526 422 1720 478 pagado.

303 493 439 540 Circa
474 494 560 538 mis
596 493 895 551 ocupationes
925 509 985 538 no
1013 511 1071 552 ay
1098 510 1206 539 cosa
1242 510 1392 539 nueva
1429 511 1519 553 que
1555 498 1767 545 escrebir:
1808 514 1869 542 no

213 578 355 630 nmo
371 579 527 630 :agera
547 574 647 616 mas
674 570 735 617 de
759 585 855 615 vno
879 585 939 615 en
959 572 1217 626 exercitios,
1242 572 1349 616 bien
1376 587 1466 629 que
1494 576 1685 618 muchos
1705 575 1866 618 citadi-

211 662 297 695 ns
317 647 332 671 ¹
358 664 391 706 y
407 648 622 695 &ermes
649 658 709 692 en
734 648 863 704 leyes
888 663 919 705 y
945 649 1185 697 medecina
1209 654 1341 694 estan
1369 665 1479 707 para
1506 658 1675 704 entrar,
1701 652 1739 695 si
1762 657 1865 707 aqui

209 726 376 784 quedo-
401 727 475 772 Yo
494 725 628 784 grido
649 724 666 747 ²
684 724 932 783 domingos
950 740 983 782 y
996 726 1168 779 fiestas,
1193 741 1282 782 que
1299 741 1361 771 no
1381 730 1431 772 se
1453 729 1569 772 altro
1585 729 1720 772 modo
1736 732 1868 772 como

205 803 253 849 lo
272 804 446 848 llamar.
472 803 527 848 El
547 803 716 861 populo
737 817 961 847 concurre
989 805 1172 856 mucho,
1206 810 1334 852 tanto
1362 812 1453 861 que
1481 806 1653 863 alguna
1674 820 1758 851 vez
1779 821 1868 850 con

194 880 430 926 difficulta
444 894 504 925 en
519 881 564 925 la
578 879 742 938 iglesia
756 880 907 938 puede
928 887 1067 925 estat.
1092 880 1218 928 Solia
1240 881 1448 939 predicar
1465 897 1629 940 segum
1652 883 1714 926 mi
1730 884 1865 927 modo

162 966 166 970 “
195 972 264 1004 en
284 959 380 1005 San
399 957 590 1013 Martim
607 958 828 1016 despuas,
848 958 1102 1004 molestado
1123 959 1182 1002 de
1205 961 1396 1003 muchas
1418 959 1691 1017 principales
1708 974 1864 1017 perso-

202 1050 303 1091 na,
323 1041 402 1083 mh
415 1037 545 1081 have
565 1036 626 1081 de
645 1051 779 1094 pasar
800 1040 827 1080 a
849 1037 944 1082 San
966 1037 1003 1081 F
1005 1036 1230 1090 rancisco,
1256 1051 1346 1093 que
1363 1051 1413 1082 es
1434 1053 1498 1081 vn
1514 1038 1792 1083 monasterio
1808 1038 1865 1082 de

205 1113 380 1168 fidles,
399 1117 502 1160 mis
519 1127 662 1171 eapaz
681 1114 740 1158 de
761 1120 903 1172 gente
924 1128 1015 1171 que
1035 1128 1099 1158 no
1118 1114 1161 1158 el
1189 1114 1326 1159 domo
1348 1115 1376 1164 ³,

293 1193 366 1236 De
387 1191 495 1236 todo
516 1198 616 1236 esto
638 1195 736 1236 mas
757 1191 1085 1236 diffusamente
1104 1192 1172 1236 les
1194 1196 1342 1237 screui
1365 1207 1424 1236 en
1440 1200 1594 1237 esotra
1615 1200 1758 1247 carta;
1783 1208 1865 1251 por

202 1275 349 1323 tanto,
373 1276 554 1315 enm&
574 1284 634 1314 no
656 1283 733 1315 me
757 1269 965 1327 alargare
992 1273 1108 1323 maS,
1138 1269 1240 1314 sino
1269 1271 1493 1314 tornarles
1518 1275 1545 1314 a
1573 1271 1771 1328 suplicar
1791 1286 1864 1314 me

190 1346 386 1394 ⁸:1¹3an
405 1347 452 1392 lo
471 1361 566 1405 que
583 1347 776 1404 quieren
797 1361 889 1404 que
908 1349 1048 1406 haga;
1073 1362 1264 1406 perque,
1296 1349 1498 1405 seyendo
1525 1349 1653 1406 igual
1679 1348 1863 1393 servitio

191 1427 232 1469 ὦ
248 1431 441 1470 nuestm
460 1426 635 1479 Senot,
662 1425 868 1471 desearia
894 1426 1060 1471 vet-Ios.
1088 1427 1280 1479 Tamen,
1312 1426 1466 1470 donde
1482 1427 1703 1484 jusgaren
1726 1441 1799 1471 ser
1821 1429 1863 1470 el

200 1517 362 1560 mayor
381 1503 646 1560 quedarme,
666 1517 817 1561 segun
832 1503 878 1547 10
894 1503 1248 1558 determinaren,
1274 1518 1348 1547 me
1369 1505 1653 1549 conformare
1675 1519 1733 1549 en
1756 1505 1863 1550 todo

192 1591 293 1627 ean
310 1594 373 1626 n
383 1581 627 1627 voluntati.
1217 1623 1219 1625 .

291 1659 347 1704 El
367 1659 516 1705 Senot
535 1660 709 1703 Doctor
731 1659 894 1703 Hortiz
915 1659 932 1682 ⁴
953 1659 1122 1717 (segun
1143 1674 1226 1717 por
1242 1660 1309 1704 las
1330 1667 1453 1704 otras
1475 1661 1617 1717 suelo)
1636 1660 1744 1718 pido
1759 1667 1861 1704 tan—

190 1735 308 1781 bien
327 1750 412 1794 por
431 1743 532 1782 esta
552 1751 632 1781 sea
652 1737 711 1780 de
733 1736 794 1780 mi
816 1743 945 1794 parte
965 1737 1178 1782 visitado.

286 1814 351 1860 Al
370 1815 519 1860 Senot
539 1816 713 1860 Doctor
734 1814 866 1872 Inigo
890 1815 1042 1872 Lopez
1065 1816 1079 1838 ⁵
1101 1816 1212 1860 beso
1234 1816 1302 1860 las
1324 1831 1499 1870 manos,
1525 1832 1556 1873 y
1573 1818 1860 1874 conprehen-

185 1891 365 1946 diendo
385 1891 588 1937 breuiter
609 1896 637 1937 a
658 1893 767 1937 todo
788 1907 892 1937 esos
914 1894 1149 1951 Segfiores
1176 1894 1469 1948 domesticos,
1495 1909 1568 1939 me
1596 1894 1849 1938 encomien—

185 1969 272 2026 do,
295 1970 372 2015 del
391 1977 609 2016 aumento
629 1971 691 2015 de
708 1971 777 2015 105
799 1970 965 2028 quales·
981 1966 1123 2016 deseo
1143 1982 1295 2016 sauer.

284 2049 328 2093 Y
349 2048 600 2106 queriendo
619 2047 859 2105 satisfaqer
880 2053 907 2093 a
928 2049 991 2093 mi
1017 2050 1173 2104 deseo,
1204 2051 1391 2095 deveria
1417 2052 1476 2095 de
1504 2050 1749 2095 screvirme
1770 2065 1856 2095 con

268 2235 279 2256 ¹
329 2234 595 2279 ciudadanos,
616 2234 742 2270 cives.

210 2299 215 2305 '
263 2293 288 2343 ’J
328 2302 331 2305 ·
394 2294 454 2339 Ὶο,
476 2302 617 2331 vocem
634 2293 846 2337 contendo,
866 2295 1007 2334 clamo.

264 2345 288 2376 ‘³
321 2346 340 2354 Ἰ
393 2349 541 2398 tedral,
562 2355 754 2403 templum
772 2354 986 2391 maximum
1005 2359 1046 2391 et
1063 2355 1261 2403 princeps.

265 2414 281 2436 ⁴
329 2413 392 2450 De
413 2413 575 2451 doctore
598 2415 717 2451 Petro
734 2413 862 2457 Ortiz,
882 2420 1038 2451 oratore
1061 2414 1195 2451 Caroli
1214 2416 1249 2451 V
1267 2415 1373 2463 apud
1390 2416 1623 2452 Pontificem
1642 2415 1854 2452 maximum

183 2473 234 2510 'in
249 2484 369 2511 causa
381 2473 633 2518 catharinae,
654 2475 824 2522 Angliae
842 2475 1020 2522 reginae,
1039 2476 1092 2512 ab
1108 2475 1283 2512 Henrico
1301 2476 1398 2512 VIII
1412 2476 1656 2525 repudiatae,
1676 2477 1798 2511 multa
1815 2482 1855 2511 et

181 2544 282 2571 cum
298 2533 416 2571 laude
430 2533 570 2571 dicunt
591 2535 837 2578 Pomucus,
860 2534 1103 2579 chronicon,
1131 2540 1160 2571 t.
1187 2544 1214 2578 1,
1235 2547 1324 2583 pag.
1346 2535 1405 2581 58,
1425 2536 1486 2582 64,
1512 2535 1573 2581 80;
1599 2536 1855 2572 RWAnEm-n-

184 2600 263 2636 BA,
289 2593 395 2631 Vm
412 2590 487 2632 dd
502 2594 555 2631 Β.
582 2594 633 2631 Ρ.
659 2594 875 2644 Ignauia...
901 2594 971 2632 lib.
990 2604 1035 2639 11,
1053 2598 1140 2643 cap.
1160 2604 1196 2641 7;
1217 2600 1338 2643 atque
1360 2595 1530 2643 ipsemet
1547 2597 1658 2632 Btusr
1679 2596 1797 2632 Pater
1814 2595 1854 2630 in

192 2649 357 2697 cartas,
375 2657 405 2689 t.
422 2661 457 2696 ι,
469 2653 632 2701 passim.
654 2653 756 2691 Vide
771 2653 812 2691 in
828 2653 979 2691 Cartas
991 2666 1018 2701 y
1036 2657 1146 2692 οἰνος
1158 2655 1323 2691 escritos
1339 2655 1404 2691 del
1422 2655 1473 2690 Β.
1495 2655 1546 2690 Ρ.
1568 2655 1704 2691 Pedro
1722 2654 1853 2690 Fabro

189 2706 373 2761 Append.
404 2720 446 2757 Π,
478 2704 517 2749 η’.
550 2710 586 2756 3,
618 2725 709 2762 pag.
735 2722 820 2760 405:
856 2714 1004 2751 Varias
1034 2715 1208 2751 noticias
1238 2715 1286 2751 de
1318 2715 1360 2750 la
1389 2715 1488 2751 vida
1516 2714 1582 2751 del
1611 2715 1749 2750 doctor
1780 2715 1852 2750 Pe—

180 2770 271 2807 ὢν
287 2767 419 2808 omis.
1243 2771 1246 2775 ’

258 2830 279 2854 ⁸
321 2830 471 2868 noetor
500 2832 685 2879 lgmtius
709 2833 856 2881 Lupez,
889 2833 1080 2876 medicus,
1111 2834 1178 2870 cui
1207 2835 1399 2871 exercitia
1428 2834 1647 2882 spiritualia
1673 2833 1851 2880 Ignatius

182 2889 338 2929 Rome
351 2897 626 2940 proposuerat.
643 2893 707 2929 De
723 2904 771 2930 eo
790 2893 983 2930 POLANCI
1008 2893 1250 2939 Chronicon,
1273 2900 1302 2930 t.
1322 2904 1350 2938 1,
1370 2906 1461 2943 pag.
1487 2894 1548 2939 64,
1567 2903 1657 2939 240,
1683 2898 1729 2929 et
1741 2892 1848 2929 alibi.

186 2949 434 2998 —Ignatium
455 2951 497 2988 in
521 2953 681 3000 pietatis
705 2954 892 3002 operibus
922 2952 1088 3000 adjuvit,
1115 2959 1157 2990 et
1187 2966 1235 2990 eo
1261 2959 1527 3001 «suggerente
1551 2959 1591 2989 et
1621 2953 1770 2989 Didaco
1800 2953 1849 2988 de

178 3007 387 3055 Cei-dona,
422 3011 536 3060 regni
571 3012 772 3060 [Siciliae]
808 3013 1069 3056 sindicatore,
1106 3014 1310 3061 negotium
1345 3019 1617 3062 promovente,
1652 3013 1755 3049 serio
1785 3013 1847 3058 agi

178 3074 373 3118 coeptum
389 3076 452 3108 est
467 3070 519 3109 de
535 3071 718 3120 Collegit>
736 3073 947 3110 Messanae.
960 3073 1245 3116 instituendam),
1265 3074 1501 3111 Pommcus
1513 3073 1562 3109 ad
1579 3084 1723 3109 annum
1742 3080 1846 3118 1347.
