2196 3548
318 253 385 292 204
923 244 1162 279 prsTonAE
1190 243 1359 281 M1xTAE

318 349 416 390 mos
441 345 470 399 ¹,
495 359 550 389 su
572 359 754 402 suegra,
793 359 823 401 y
859 345 917 388 de
953 350 1139 387 nuestra
1161 344 1411 400 Compafiia
1442 359 1550 401 muy
1571 345 1798 398 afeetada,
1828 348 1958 389 estan

319 425 441 478 aqui,
465 436 495 478 y
512 436 562 466 se
578 436 635 464 an
652 422 818 465 mucho
834 421 1014 478 olgado.
1037 421 1092 463 El
1115 421 1347 464 Contador
1369 421 1615 477 Hondaroa
1631 423 1664 476 ²,
1684 422 1726 465 el
1749 422 1959 466 Secreta-

321 498 390 542 rio
413 497 546 543 Lisao
569 499 583 519 ³
613 513 642 554 y
670 498 789 541 dofia
812 497 1020 542 Catalina
1046 497 1104 540 de
1132 496 1288 541 Loiola
1305 497 1338 550 ⁴,
1363 511 1419 541 su
1440 511 1616 554 muger,
1643 512 1692 542 se
1714 513 1772 542 an
1793 498 1959 542 mucho

317 575 580 628 consolado,
605 575 691 618 alo
713 588 802 630 que
823 587 1025 631 paresoe,
1045 587 1132 617 con
1154 580 1378 627 nosotros,
1402 588 1432 630 y
1448 588 1505 617 en
1527 588 1657 618 saver
1678 575 1735 618 de
1755 575 1799 618 13
1820 574 1961 618 Com-

324 655 476 708 pafiia.
501 704 509 710 ,

409 730 563 772 Delos
582 730 860 785 Portugeses
882 742 971 784 que
993 730 1121 771 estan
1138 741 1225 770 con
1246 727 1289 770 la
1310 726 1526 771 Princesa
1542 742 1692 772 somos
1707 742 1816 785 muy
1835 742 1962 772 ama-

317 806 419 858 dos,
444 819 617 861 porque
639 805 726 848 alla
747 820 804 848 en
835 804 1056 861 Portugal
1077 818 1135 860 ya
1157 806 1377 847 teniamos
1403 805 1569 848 mueho
1590 803 1957 860 conosoimientm

318 896 409 937 que
430 896 520 925 avn
536 882 579 925 la
600 881 824 925 dominica
845 880 1001 924 vltima
1018 895 1107 936 que
1127 879 1362 937 medique,
1383 894 1454 924 me
1476 879 1678 924 hizieron
1693 880 1899 937 predicar
1919 881 1963 927 el

322 958 480 1002 mismo
503 959 577 1002 dia
598 973 655 1002 en
678 958 807 1015 (ginco
824 964 990 1014 partes,
1011 971 1140 1000 como
1162 971 1244 1013 por
1265 956 1526 1013 despedida3
1550 972 1581 1013 y
1607 957 1817 1013 despues,
1841 957 1965 1001 en'el

320 1035 477 1079 vltimo
492 1036 627 1092 lugat
642 1035 715 1078 del
732 1049 888 1090 reyno,
914 1033 1249 1090 queriendonos
1265 1034 1402 1077 hazer
1418 1033 1608 1077 detenet
1623 1047 1704 1089 por
1719 1039 1817 1076 esta
1833 1033 1964 1089 Qua-

323 1126 485 1167 resma,
511 1127 570 1155 no
593 1111 885 1168 podiendoles
906 1110 1112 1167 predicar
1139 1113 1235 1153 mas
1262 1110 1319 1153 de
1346 1124 1436 1153 vna
1462 1124 1562 1162 vez,
1592 1110 1790 1155 Nuestro
1817 1109 1965 1154 Sefior

319 1189 425 1232 hizo
448 1189 511 1232 tal
531 1188 726 1244 mooion,
759 1186 848 1245 qu'e
875 1189 1065 1231 muchos
1087 1186 1313 1243 quisieran
1342 1185 1598 1243 seguhnos,
1624 1200 1678 1242 sy
1704 1186 1770 1230 les
1795 1186 1964 1243 permi-

327 1264 554 1309 tieramos.

414 1343 483 1384 En
500 1342 766 1386 Salamanca
787 1341 974 1384 allamos
995 1341 1159 1383 mucha
1181 1346 1319 1396 gente
1337 1354 1446 1396 muy
1461 1339 1709 1396 dispuesta,
1728 1353 1758 1395 y
1774 1338 1964 1383 deseosa

322 1420 383 1462 de
403 1419 447 1462 13
469 1419 734 1474 Compafiia,
759 1416 977 1474 predique
998 1417 1095 1460 solo
1124 1431 1214 1460 una
1235 1430 1335 1460 vez.
1369 1417 1440 1459 De
1466 1417 1657 1460 muchos
1684 1416 1765 1472 fuy
1791 1415 1964 1473 rogado

323 1510 433 1551 para
455 1509 544 1550 que
566 1495 639 1538 alli
663 1494 878 1550 quedase,
904 1497 931 1537 ό
953 1497 979 1536 a
999 1494 1043 1536 lo
1066 1496 1222 1536 menos
1245 1501 1426 1536 tornase
1446 1499 1614 1549 presto.

415 1573 614 1616 Nuestro
636 1572 782 1616 Sefior
807 1585 889 1627 por
910 1584 965 1613 su
991 1569 1172 1614 bondad
1194 1583 1323 1613 suma
1348 1583 1426 1613 sea
1453 1584 1510 1613 θη
1534 1576 1719 1613 nuestro
1748 1567 1967 1613 continuo

328 1650 459 1692 favor
479 1664 509 1705 y
531 1649 694 1704 ayuda.
721 1648 887 1691 Amen.

417 1728 487 1769 De
509 1723 764 1769 Valladolid
787 1734 841 1778 25
866 1724 922 1767 de
940 1725 1094 1779 Maroo
1123 1733 1249 1778 1545.

374 1800 377 1802 ’
416 1805 486 1846 De
516 1801 686 1845 Miliam
716 1802 730 1823 ⁵
768 1805 975 1844 s'avemos
1013 1814 1101 1855 que
1137 1800 1258 1856 llego
1290 1803 1316 1842 a
1354 1798 1593 1854 Azpeytia‚
1618 1813 1647 1854 y
1675 1802 1771 1842 esta
1793 1799 1952 1855 mejor,

324 1879 478 1923 dando
499 1879 664 1921 mucho
686 1877 893 1933 exemplo
915 1877 972 1920 de
994 1891 1061 1932 sy.

444 1944 446 1946 ¹
566 1956 731 1998 Vester
752 1953 799 1996 in
821 1955 940 2010 Xpo.
967 1952 1180 1996 minimus
1201 1952 1337 2006 filius,

1638 2028 1668 2086 †

1578 2089 1765 2132 ARAoz.

416 2167 770 2225 Superscriptio:
803 2168 892 2210 Ihs.
920 2165 1029 2210 R.d0
1058 2165 1105 2208 in
1132 2167 1252 2222 Xpo.
1285 2164 1411 2209 Patri
1439 2164 1659 2222 Magistro
1695 2162 1872 2221 Ignatio
1907 2163 1966 2207 de

331 2244 502 2298 Loiola‚
535 2243 800 2300 Praeposito
828 2242 1069 2288 Societatis
1091 2244 1219 2300 Jesu,
1251 2243 1421 2285 Romae
1458 2256 1484 2285 a
1521 2242 1616 2286 S.ta
1658 2240 1801 2285 Maria
1830 2241 1888 2284 de
1922 2240 1967 2285 13

331 2322 512 2374 strada,
538 2335 698 2377 apreso
721 2321 816 2365 S.t0
843 2322 1014 2363 Marco.

423 2400 465 2441 A
488 2401 636 2455 tergo:
659 2396 768 2441 R.da
789 2400 817 2440 έι
844 2409 895 2450 14
917 2396 974 2440 de
997 2395 1132 2440 Maio.

409 2519 420 2538 ¹
472 2515 631 2551 Beatrix
649 2515 698 2551 de
716 2513 927 2561 Figueroa?

407 2579 420 2598 2
472 2575 650 2611 Andreas
668 2574 858 2610 Martinez
874 2573 924 2609 de
942 2573 1136 2612 Ondarza.

407 2637 421 2656 ³
472 2635 554 2680 Sic3
576 2640 636 2670 est
654 2639 784 2669 autem
802 2634 973 2680 Joannes
991 2633 1182 2669 Martinez
1199 2632 1248 2668 de
1272 2632 1410 2668 Lasao.

406 2697 422 2717 ⁴
471 2694 570 2730 Filia
593 2693 752 2729 Martini
775 2693 916 2729 Garcia
933 2693 982 2728 de
1001 2692 1111 2730 Ofiaz
1125 2697 1166 2728 et
1188 2692 1237 2728 de
1256 2692 1416 2738 Loyola,
1441 2689 1515 2726 Sti.
1539 2689 1683 2736 Ignatii
1703 2688 1847 2725 fratris.
1867 2687 1969 2725 Vide

334 2756 525 2791 POLANCI
546 2752 783 2796 CIzronicon,
805 2757 834 2788 t.
853 2761 880 2794 1,
900 2763 989 2799 pag.
1011 2752 1092 2798 506.

406 2815 421 2836 ⁵
471 2813 714 2849 Aemilianus
731 2812 780 2848 de
798 2812 966 2859 Loyola‚
985 2812 1052 2859 qui
1075 2823 1124 2848 ex
1142 2811 1394 2858 Portugallia„
1420 2808 1656 2845 valetudinis
1679 2807 1970 2855 recuperandae

334 2884 468 2914 causa,
488 2873 527 2908 in
545 2873 676 2908 natale
695 2872 822 2908 solum
840 2876 1018 2908 venerat.
