2196 3548
986 291 1066 327 AN.
1098 291 1189 337 1548
1837 299 1907 344 485

346 383 743 450 Que‘poderamos
773 399 868 436 teer
896 406 978 449 por
1005 391 1280 436 intercessor
1308 408 1416 450 pera
1445 401 1519 439 tao
1547 397 1722 452 grande
1750 405 1909 442 conte-

254 476 462 529 mmento
481 483 508 514 e
529 469 701 527 alegria
723 468 771 513 in
791 468 1006 523 Domino,
1031 484 1082 514 se
1103 476 1192 514 neo
1209 485 1236 514 a
1262 472 1411 515 Vossa
1439 471 1576 527 R.cia‚
1608 474 1909 530 alcancando-

253 561 341 593 ms
361 547 422 592 do
443 548 498 591 P.
524 548 695 591 Mestre
716 545 869 591 Inacio
889 554 1015 591 carta
1036 561 1146 604 pera
1166 562 1266 600 nos,
1292 562 1383 604 que
1404 563 1487 592 nos
1510 548 1581 592 faz
1603 556 1691 593 neo
1713 565 1763 594 se
1778 556 1910 595 exer—

251 639 375 683 guar
394 639 423 669 o
443 625 660 679 aluoroco
681 639 771 681 que
793 639 876 669 nos
898 639 1071 669 causou
1093 640 1120 669 a
1136 625 1196 669 do
1214 627 1268 669 P.
1290 627 1508 682 Polanco,
1529 642 1556 670 o
1573 642 1663 684 que
1680 629 1911 673 remediou

253 703 319 748 ho
346 704 401 748 P.
431 703 603 748 Mestre
632 702 788 748 Simfio
814 717 917 747 com
943 717 1005 746 no
1038 702 1105 747 las
1140 703 1330 747 mandat
1357 705 1614 760 apartadas.
1647 706 1684 748 E
1719 713 1774 750 co
1802 708 1914 750 tudo

251 788 389 826 outra
414 780 561 825 vimos
582 781 641 825 de
662 782 811 826 Vossa
838 779 1139 836 Reuerencia,
1171 795 1262 838 que
1289 795 1374 825 nos
1410 783 1559 825 achou
1586 790 1642 826 co
1670 789 1746 827 tao
1767 785 1914 828 fresca

192 851 195 854 ¹
250 858 444 905 soidade
464 873 596 903 como
618 873 702 903 nos
729 858 896 903 deixou
924 873 1026 903 corn
1054 873 1139 902 sua
1165 857 1255 902 ida.
1287 859 1498 915 Querera
1526 874 1553 903 o
1582 861 1762 905 Senhor
1790 863 1914 906 Deos

230 957 232 959 ·
250 950 347 994 que
364 951 396 981 a
416 951 638 994 speranca
659 951 750 994 que
771 936 1000 981 tinhamos
1021 937 1080 981 de
1101 935 1243 994 partit
1264 937 1323 980 de
1344 937 1388 980 la
1409 943 1508 981 este
1535 952 1689 994 marco
1722 953 1794 982 em
1823 954 1913 996 que

249 1020 471 1068 estamos,
496 1029 523 1059 e
544 1027 634 1071 que
655 1028 736 1071 per
758 1028 866 1058 suas
889 1021 1039 1058 cartas
1066 1014 1266 1059 entendo
1293 1028 1396 1058 seer
1425 1014 1639 1070 dilatada,
1671 1030 1773 1059 sera
1801 1016 1914 1060 mais

249 1092 371 1142 cedo
390 1092 451 1136 do
472 1105 579 1148 que,
605 1106 656 1136 os
677 1090 846 1135 muitos
874 1091 1094 1149 negocios
1115 1106 1206 1149 que
1227 1092 1271 1136 la
1296 1092 1416 1149 pode
1443 1098 1556 1146 teer,
1588 1107 1672 1136 nos
1699 1093 1913 1138 deixareo

250 1183 455 1228 esperar-
1062 1184 1065 1187 ’

346 1249 443 1292 Dos
469 1247 646 1304 dequa
673 1247 749 1291 lhe
776 1253 864 1291 nfio
892 1247 985 1291 dou
1014 1253 1168 1302 conta,
1199 1261 1376 1305 porque
1403 1262 1431 1291 o
1460 1249 1514 1291 P.
1545 1248 1796 1292 Guodinho
1828 1249 1838 1270 ¹
1863 1263 1913 1292 se

251 1338 466 1383 occupou
486 1324 612 1370 nisso
635 1325 742 1369 toda
763 1331 863 1370 esta
883 1326 1068 1380 manha,
1092 1325 1151 1370 de
1172 1330 1263 1382 que
1284 1325 1448 1369 sabera
1469 1340 1519 1369 as
1535 1340 1700 1370 cousas
1717 1341 1806 1383 que
1823 1341 1913 1382 qua

256 1410 436 1462 passas),
461 1417 488 1447 e
508 1402 674 1447 doutra
695 1417 786 1460 que
807 1417 835 1447 o
857 1404 1004 1447 Irmao
1027 1402 1240 1447 Belchior
1262 1403 1380 1447 Cota
1401 1417 1606 1456 escreue,
1627 1404 1747 1447 onde
1763 1418 1813 1447 se
1830 1418 1912 1447 en—

250 1494 482 1539 carregou
503 1481 561 1524 de
583 1487 744 1525 contar
765 1495 794 1525 o
815 1495 905 1538 que
926 1495 1094 1538 passou
1117 1487 1248 1524 neste
1276 1495 1373 1524 mes
1400 1481 1459 1525 de
1485 1482 1522 1524 F
1524 1480 1743 1535 evereiro3
1775 1495 1864 1537 que
1886 1495 1913 1524 o

197 1582 205 1592 „
250 1559 315 1604 de
329 1558 515 1618 Janeiro
536 1573 616 1603 era
630 1558 708 1615 jaa
735 1557 918 1613 escrito,
951 1558 1087 1602 ainda
1115 1572 1206 1615 que
1227 1573 1277 1602 as
1299 1566 1448 1602 cartas
1470 1564 1560 1602 ῐιέιο
1581 1559 1749 1602 fossem
1771 1559 1912 1602 dadas

256 1651 342 1695 por
362 1637 472 1682 salta
491 1637 550 1682 de
571 1642 661 1694 que
675 1649 733 1681 'as
754 1637 950 1690 leuasse,
975 1637 1230 1694 esperando
1251 1651 1335 1681 nos
1367 1643 1442 1680 ate
1470 1631 1549 1693 qui
1576 1651 1659 1694 por
1685 1638 1751 1680 hsi
1776 1638 1912 1680 home

253 1727 350 1772 que
369 1721 530 1760 estaua
550 1729 660 1772 pera
680 1714 837 1772 partir.
1714 1726 1716 1729 ·

345 1793 420 1838 Ao
440 1798 653 1850 presente
674 1799 872 1836 estamos
888 1793 946 1836 de
961 1792 1120 1845 saude,
1141 1791 1276 1836 ainda
1292 1807 1383 1849 que
1399 1793 1533 1850 algfis
1548 1792 1639 1836 mal
1655 1792 1907 1849 despostos.

248 1869 348 1916 8ξο
373 1869 576 1928 partidos
603 1885 713 1928 pera
740 1885 767 1915 a
801 1869 929 1914 India
960 1869 1166 1914 Antonio
1197 1871 1395 1924 Gomez,
1436 1871 1616 1927 Gaspar
1646 1869 1908 1924 Francisco,

251 1947 465 1992 Belchior
485 1949 736 2004 Gonzalez‚
764 1948 911 1992 Paulo
931 1947 1124 2001 Dovale,
1144 1949 1260 2007 Joz‘zo
1288 1949 1325 1992 F
1327 1948 1572 2002 emandez‚
1604 1963 1631 1992 e
1657 1947 1794 1992 cuido
1821 1962 1911 2004 que

169 2051 173 2054 ·
242 2025 414 2080 casco,
438 2041 490 2071 se
510 2041 539 2071 o
560 2033 714 2084 tempo
736 2033 825 2070 neo
846 2027 928 2070 der
949 2026 1085 2083 lugat
1102 2041 1129 2069 a
1145 2026 1381 2070 escolhere
1398 2033 1573 2080 outros,
1598 2040 1774 2083 porque
1790 2040 1818 2069 o
1840 2026 1910 2069 faz

243 2117 394 2162 agora
418 2104 509 2148 boo
536 2118 646 2162 pera
672 2103 790 2148 saite
818 2104 878 2147 da
905 2103 1039 2147 barra
1067 2103 1101 2146 ².
1134 2104 1236 2148 ΝΞΟ
1265 2103 1331 2148 sei
1359 2118 1419 2148 en
1453 2118 1543 2161 que
1570 2118 1706 2161 possa
1734 2103 1863 2160 pedir
1884 2118 1911 2146 a

246 2180 402 2226 Vossa
422 2180 722 2235 Reuerencia‚
738 2195 923 2238 ,porque
944 2195 972 2224 0
994 2182 1049 2224 P.
1075 2183 1246 2226 Mestre
1268 2180 1423 2227 Simfio
1444 2195 1472 2225 o
1495 2182 1608 2236 fara,
1639 2195 1689 2225 se
1711 2187 1799 2225 1150
1821 2195 1910 2237 que

244 2272 326 2303 «em
347 2264 487 2316 qufito
507 2265 597 2303 nio
618 2259 831 2316 ouujmos
852 2273 880 2302 a
901 2259 1050 2303 Vossa
1070 2258 1355 2303 Reuerencia
1376 2266 1621 2303 contarnos
1643 2273 1670 2302 o
1698 2273 1788 2316 que
1815 2258 1907 2314 muj

248 2335 622 2394 particularmete
638 2350 823 2380 avernos
839 2337 898 2380 de
913 2343 1182 2394 preguntar,
1196 2351 1281 2380 nos
1296 2351 1487 2381 escreua
1503 2351 1564 2380 ou
1582 2337 1682 2392 saca
1698 2349 1910 2380 escreuer

253 2428 338 2473 por
357 2414 469 2472 algfi
489 2414 810 2472 desoccupado
831 2414 913 2458 das
934 2428 1099 2458 cousas
1121 2428 1211 2471 que
1231 2429 1282 2458 se
1303 2429 1376 2459 em
1398 2428 1504 2458 casa
1526 2413 1769 2458 exercitao.

247 2598 344 2637 pag.
363 2586 448 2631 320,
467 2600 508 2624 n.
528 2588 612 2625 280:
633 2589 774 2625 «Pater
798 2587 979 2624 Simon...
1004 2599 1126 2624 unum
1149 2587 1320 2636 aliquem
1343 2600 1387 2624 se
1412 2589 1517 2624 velle
1535 2587 1770 2624 mortificare
1793 2588 1905 2624 dixit:

252 2647 413 2685 vocavit
429 2653 562 2685 autem
579 2649 623 2684 Ρ.
644 2647 888 2684 Ludovicum
906 2648 956 2684 de
975 2648 1122 2694 Grana,
1141 2647 1272 2696 eique,
1291 2654 1335 2685 ut
1352 2654 1462 2685 esset
1478 2647 1648 2694 Collegii
1665 2648 1824 2694 Rector‚
1851 2648 1907 2684 in-

241 2707 394 2756 junxit3
414 2714 455 2745 et
472 2709 629 2746 Patrem
654 2707 899 2744 Ludovicum
923 2707 1124 2745 Gonzalez
1147 2708 1211 2756 [de
1235 2708 1415 2756 Camara]
1439 2708 1507 2756 qui
1530 2709 1676 2744 Rector
1699 2719 1801 2744 anno
1821 2720 1906 2756 pro—

247 2766 362 2805 xime
375 2769 512 2818 elapso
535 2769 679 2815 fuerat,
704 2768 821 2817 coqui
844 2768 973 2805 officio
998 2768 1166 2805 ornavit.
1191 2769 1242 2805 Et
1263 2780 1354 2805 eum
1376 2768 1535 2817 quidam
1559 2774 1714 2817 peteret
1737 2780 1760 2804 a
1783 2769 1827 2804 P.
1848 2768 1906 2804 Si-

250 2838 383 2875 mone,
401 2834 490 2866 uter
506 2828 662 2866 illorum
679 2829 936 2866 mortificatus
959 2833 1204 2871 censeretur,
1229 2829 1426 2877 superflua
1450 2828 1708 2875 interrogatio
1730 2827 1806 2864 fuit
1826 2828 1906 2864 exi—

246 2889 424 2935 stimata,
447 2901 538 2926 cum
564 2889 798 2926 humilitatis
827 2889 954 2925 officia
978 2889 1027 2924 ad
1056 2888 1369 2925 consolationem
1400 2895 1441 2925 et
1470 2889 1646 2937 quietem
1677 2888 1904 2933 maximam,

247 2949 507 2998 praelationis
525 2961 621 2986 vero
639 2950 688 2986 ad
705 2951 881 2986 laborem
900 2955 940 2986 et
958 2948 1300 2986 mortificationem
1317 2949 1516 2998 pertinere
1534 2954 1772 2985 constaret.»

328 3010 339 3032 ¹
389 3010 623 3046 Emmanuel
642 3009 840 3046 Godinho.

325 3070 340 3092 ¹
390 3068 491 3105 Vide
510 3069 702 3106 POLANCI
723 3069 964 3110 Chronicon,
985 3074 1013 3104 t.
1034 3077 1060 3111 1,
1082 3079 1173 3116 pag.
1192 3067 1278 3114 321,
1301 3081 1341 3106 n.
1369 3069 1452 3105 281.
1478 3069 1583 3105 Infra
1602 3069 1745 3104 iterum
1763 3068 1811 3104 de
1830 3069 1904 3103 hoc

247 3133 407 3176 agetur.
