2196 3548
915 264 998 313 Am
1027 272 1119 310 1545
1771 266 1843 320 ,243

183 363 420 424 mmplida
445 364 503 408 de
529 365 671 408 lineas
701 366 731 408 ¹.
766 365 1015 408 Portodas
1042 365 1153 409 ellas
1179 365 1222 408 el
1245 365 1457 409 Hazedor
1473 366 1643 420 dellas,
1674 367 1752 424 qui
1774 376 1843 412 est

191 428 330 504 ss’ater
350 441 426 486 ille
445 440 686 495 luminum,
711 457 738 485 a
759 455 851 497 quo
872 455 1007 485 omne
1028 442 1201 486 donum
1217 448 1288 485 est
1305 442 1338 495 ⁸,
1358 442 1418 485 sit
1439 442 1484 485 in
1502 444 1686 487 saecula
1701 445 1843 489 bene-

183 518 357 579 dictus.
383 518 640 563 Todasnos
662 518 919 578 alegraron,
937 533 968 574 y
984 518 1043 562 de
1060 519 1190 576 todas
1212 532 1298 562 nos
1314 519 1614 574 consolamos,
1634 535 1717 576 por
1738 535 1845 577 veer

192 602 343 657 tantas
369 594 700 640 misericordias
731 596 789 639 de
816 595 967 651 aquel‚
999 594 1078 654 qui
1106 597 1244 639 Pater
1272 587 1342 639 est
1364 595 1778 657 misericordiarum
1800 605 1846 643 et

190 675 320 719 Deus
347 673 487 717 totius
508 672 832 718 consolationis
854 674 888 727 ³,
912 687 943 730 y
965 679 1117 716 tantos
1138 672 1311 717 efectos
1333 680 1489 716 santos
1510 688 1742 728 como„en
1763 676 1843 728 fin,

182 750 249 795 de
270 750 334 795 tal
354 764 493 794 causa
513 765 544 807 y
564 750 776 803 obrador,
789 749 882 808 ³qui
903 756 1119 808 operatur
1140 748 1295 793 omnia
1315 749 1361 793 in
1384 750 1613 795 omnibus.

281 829 381 873 Mas
402 834 532 872 entre
560 827 691 872 todas
718 828 785 871 las
812 841 988 872 nuevas
1010 841 1101 886 que
1127 841 1213 871 nos
1239 826 1402 878 scrivis
1430 828 1488 872 de
1517 834 1667 872 tantas
1694 829 1848 874 diver-

182 905 388 960 sflxles,
411 906 470 950 de
489 919 676 950 manera
697 920 788 961 que
808 911 996 950 vuestra
1015 906 1131 950 letra
1150 904 1357 965 parescia
1378 906 1629 962 semejante
1650 922 1850 964 sagenae

187 982 362 1029 missae
377 983 432 1030 in
446 982 576 1037 mari,
596 983 655 1027 de
675 982 800 1027 omni
821 997 993 1041 genere
1014 989 1104 1028 etc.
1129 982 1436 1042 congreganti
1453 983 1487 1037 ⁴3
1506 984 1550 1027 la
1571 998 1661 1040 que
1682 986 1851 1028 mucho

185 1075 278 1111 nos
304 1059 532 1119 rregozijo
558 1061 638 1108 fue
664 1061 710 1105 10
738 1074 828 1117 que
855 1060 931 1105 del
953 1062 1008 1105 P.
1034 1060 1189 1106 Miona
1212 1061 1303 1105 mio
1326 1062 1341 1083 ⁵
1364 1059 1541 1114 scrivis,
1567 1075 1742 1118 porque
1769 1077 1850 1123 pa-

134 1170 137 1172 -
191 1137 338 1195 rescia
349 1155 374 1193 ,‘
390 1153 473 1196 asy
491 1152 632 1199 ‘como
660 1153 720 1182 en
747 1138 792 1184 la
818 1140 967 1183 noche
1001 1153 1164 1183 serena
1194 1154 1225 1196 y
1256 1139 1402 1197 clara,
1438 1139 1562 1195 quod
1593 1139 1702 1182 luna
1733 1138 1853 1183 inter

185 1217 347 1267 stellas
367 1222 414 1262 et
434 1215 578 1260 lilium
599 1215 719 1260 inter
738 1217 893 1272 flores,
915 1217 1403 1277 rrepresenrtAbasenos
1424 1215 1560 1274 gigas
1581 1215 1700 1259 inter
1722 1216 1852 1260 locu-

191 1301 303 1348 stas,
327 1300 408 1339 aut
430 1294 543 1340 Saul
563 1293 683 1338 inter
704 1293 822 1338 filios
844 1294 1000 1348 Israel,
1024 1293 1074 1339 in
1089 1308 1144 1339 eo
1161 1294 1286 1351 quod
1303 1307 1463 1338 omnes
1480 1292 1683 1350 corporis
1698 1293 1852 1350 excel-

183 1372 315 1423 lebat
334 1378 459 1417 statu
481 1373 514 1416 ⁶.
541 1373 730 1428 Quama
751 1370 1022 1428 edificacion
1044 1386 1132 1429 aya
1157 1371 1275 1424 sido,
1300 1386 1330 1429 y
1353 1375 1526 1428 quanto
1547 1371 1592 1414 13
1619 1385 1739 1427 ayan
1769 1370 1852 1414 sti-

191 1450 327 1495 mado
347 1450 543 1508 algunos
567 1451 882 1508 Portugueses
903 1463 994 1506 que
1008 1453 1148 1494 estan
1164 1453 1290 1506 aqui,
1309 1448 1576 1508 praesertim
1594 1448 1706 1493 Luis
1722 1449 1854 1493 Gon-

185 1527 318 1584 calez
341 1529 374 1583 ⁷,
398 1541 459 1571 no
479 1541 532 1571 os
552 1527 598 1571 lo
620 1527 779 1584 podria
798 1527 1035 1585 significat
1056 1526 1129 1571 sin
1149 1527 1283 1585 larga
1303 1525 1578 1585 digression.
1601 1527 1645 1571 O
1668 1525 1856 1570 bendito

189 1605 415 1665 ortolano,
438 1620 470 1662 y
491 1604 680 1648 dichoso
701 1604 928 1649 cozinero!
955 1605 1117 1663 Agora
1143 1619 1218 1649 me
1238 1619 1429 1662 patesce
1449 1619 1540 1662 que
1561 1619 1588 1648 a
1609 1603 1856 1648 entendido

193 1698 225 1743 y
244 1682 443 1742 gustado
463 1683 508 1727 lo
530 1697 621 1739 que
642 1684 834 1727 muchas
861 1697 998 1727 vezes
1028 1682 1135 1726 auia
1160 1683 1312 1740 leydo:
1345 1682 1439 1739 Qui
1466 1683 1612 1739 major
1639 1688 1711 1726 est
1738 1681 1858 1742 inter

186 1775 303 1816 vos,⁴
318 1761 399 1806 fiat
420 1759 767 1820 sicutminister
789 1762 822 1804 ⁸.
849 1761 951 1818 Ipse
973 1766 1127 1805 autem
1152 1760 1302 1804 factus
1324 1767 1411 1815 est,
1437 1775 1531 1804 non
1552 1759 1690 1814 sicut,
1713 1759 1859 1818 sedet

192 1837 418 1890 minister.

263 1961 282 1983 ’ἱ
332 1960 447 2007 Quae
464 1959 505 1996 in
522 1961 595 1996 hac
609 1959 771 2008 periodo
785 1959 1053 2002 continentur,
1069 1964 1279 2007 propterea
1292 1959 1343 1995 ab
1358 1959 1527 1995 Araozio
1540 1958 1739 2001 dicuntur,
1755 1957 1860 2006 quod

194 2019 374 2058 Ferronii
390 2031 510 2068 opera
526 2020 704 2067 Ignatius
727 2020 769 2056 in
793 2020 1014 2056 scribendis
1037 2018 1218 2067 epistolis
1241 2019 1442 2056 utebatur.
1470 2020 1538 2055 «B.
1564 2019 1684 2055 Pater
1707 2019 1859 2055 nullum

189 2085 347 2117 eertum
364 2079 415 2133 ad
431 2079 472 2125 id
489 2080 678 2127 temporis
701 2080 828 2127 [1547]
851 2081 902 2116 ab
920 2079 1100 2128 epistolis
1123 2079 1345 2127 adjutorem
1368 2079 1575 2115 habuerat:
1601 2078 1674 2115 sed
1696 2078 1859 2115 Xaverii

190 2139 308 2178 initio
325 2141 385 2185 (ut
402 2139 496 2176 olim
514 2139 765 2187 significavi),
786 2145 925 2188 postea
944 2140 1189 2188 aliquantum
1208 2139 1445 2187 Hieronymi
1459 2139 1701 2176 Domenecci
1720 2144 1760 2175 et
1779 2139 1859 2175 An-

189 2199 315 2237 dreae
331 2199 461 2236 Frusii
479 2203 611 2248 opera,
632 2199 703 2236 sed
721 2200 900 2236 Ferronii
920 2201 1091 2236 maxime
1110 2212 1206 2236 usus
1223 2204 1348 2236 erat.»
1368 2198 1624 2242 ORLANmNI,
1643 2199 1752 2235 Hist.
1770 2199 1857 2236 Soc.

183 2260 292 2309 Jes„
310 2260 381 2297 lib.
405 2268 475 2303 vn,
501 2271 541 2296 n-.
566 2260 747 2307 7.—Quo
770 2259 812 2296 in
835 2272 999 2296 munere
1023 2261 1220 2296 Polancus
1242 2259 1432 2296 Ferronio
1454 2259 1626 2307 denique
1652 2258 1858 2295 successit.

196 2320 300 2365 abia.
315 2320 518 2374 *Quoniam
542 2331 638 2356 vero
660 2331 780 2368 saepe
805 2332 856 2356 ex
881 2321 992 2358 Urbe
1016 2320 1224 2368 epistolae,
1250 2319 1575 2357 sociorum'facta
1591 2319 1858 2362 continentes,

197 2391 269 2430 per
285 2380 511 2418 universam
535 2380 777 2417 Societatem
801 2381 1060 2422 mittebantur
1083 2392 1177 2416 cura
1199 2380 1318 2424 illius,
1344 2381 1412 2429 qui
1430 2381 1586 2428 Ignatio
1603 2386 1688 2417 erat
1711 2381 1761 2419 ab
1779 2381 1860 2428 epi-

194 2439 312 2478 stolis
329 2446 370 2478 et
387 2441 567 2487 secretis3
583 2440 729 2477 idcirco
745 2440 966 2487 gratulatur
983 2441 1172 2477 Ferronio
1191 2441 1384 2477 Araozius
1400 2441 1506 2489 quod
1519 2440 1678 2477 felicem
1696 2441 1859 2477 sortitus

193 2498 251 2536 sit
267 2499 510 2548 provinciam
526 2500 758 2536 consolandi
774 2500 1053 2536 disseminatos
1067 2511 1137 2548 per
1154 2501 1291 2537 orbem
1305 2500 1448 2543 socios,
1468 2500 1754 2548 nuntiandique
1772 2506 1860 2537 acta

192 2559 367 2604 illorum,
385 2561 454 2610 qui
471 2560 641 2608 apostoli
658 2573 682 2597 a
698 2561 899 2609 plerisque
916 2560 1164 2597 dicebantur.

270 2622 286 2644 ⁸
335 2621 433 2668 με.
453 2629 480 2664 1,
503 2629 561 2667 17.

269 2681 286 2703 ⁸
334 2681 375 2717 11
393 2681 459 2717 An
477 2679 583 2717 COR.
603 2691 630 2735 r,
650 2680 686 2717 3.

269 2742 286 2764 ⁴
333 2741 506 2778 Mar-ru.
523 2751 609 2785 xm,
629 2750 690 2788 47.

268 2802 284 2825 ⁵
333 2802 564 2838 Emmanuel
595 2802 742 2844 Miona,
774 2801 920 2849 Ignatii
949 2801 1043 2838 olim
1072 2801 1354 2845 confessarius,
1386 2812 1622 2849 semperque
1653 2801 1860 2838 studiosis-

195 2861 336 2899 simus.
1736 2867 1742 2876 ·

270 2922 287 2945 ⁸
335 2921 477 2965 12Rm.
496 2930 539 2964 x,
558 2920 618 2958 23.

271 2983 287 3005 '¹
335 2981 562 3018 Ludovicus
575 2981 805 3020 Gonzalvus
819 2981 869 3018 de
883 2981 1064 3024 Camara,
1079 2982 1147 3030 qui
1162 2982 1274 3019 venit
1291 2982 1530 3026 Valentiam,
1549 2982 1774 3019 tirocinium
1792 2993 1859 3030 po-

200 3041 366 3086 siturus.
635 3072 637 3074 .

275 3103 292 3124 ⁸
342 3101 512 3138 ΜΑΤΤΗ.
534 3111 649 3146 xxm,
673 3111 729 3139 11.
