2190 3510
421 242 494 287 614

423 342 624 393 Cerveira,
642 346 724 383 188.

423 401 598 452 Cervini,
617 406 823 444 Marcellus
836 438 845 455 ,
870 410 1087 446 Cardinalis
1113 410 1207 446 San-

468 467 556 498 ctae
585 464 744 512 Crucis,
775 474 911 515 postea
938 469 1122 505 Pontifex
1152 470 1204 505 M.

469 522 690 572 Marcellus,
713 535 770 573 11,
790 538 849 572 90.

421 579 548 616 Ceuta
565 583 740 631 (Septa),
761 585 843 630 532,
864 595 945 631 552.

420 638 633 678 Christiani
672 644 786 686 novi,
827 645 913 680 sive
951 647 1132 682 conversi
1168 647 1207 682 in

466 709 589 745 regno
603 691 816 748 valentino,
830 703 914 750 260,
932 702 1016 750 316.

420 755 544 804 Cifre,
563 759 714 806 Mosen,
729 770 812 806 245.

419 814 603 862 Cipriano
628 823 668 853 et
698 818 895 866 Cypriano
920 818 1122 866 (Cebrian)
1143 822 1207 857 Al-

466 874 654 922 phonsus,
684 877 808 913 Roma
825 879 993 916 mittitur
1005 881 1208 928 Ulyssipo-

467 943 573 980 nem,
604 943 665 981 91,
693 943 773 983 105,
795 945 877 984 107,
905 947 986 986 157,
1016 939 1096 985 169,
1124 940 1206 985 264;

466 1002 587 1038 prope
619 995 898 1039 sexagenarius
930 997 1049 1033 solvit
1078 999 1118 1034 in
1148 999 1208 1034 In-

465 1050 586 1098 diam,
605 1053 689 1099 276,
706 1053 789 1099 387.

420 1108 554 1157 Cirne,
574 1111 820 1160 Emmanuel,
838 1113 920 1159 513.

420 1168 619 1216 Cisneros‚
639 1172 761 1207 Maria
778 1173 842 1220 de,
861 1182 945 1219 277.

419 1228 589 1276 Cistero,
610 1231 799 1280 Aloisius,
813 1233 896 1279 235.

419 1286 568 1334 Ciurlo,
587 1289 744 1338 Petrus,
764 1300 824 1338 59,
842 1292 903 1340 69,
922 1302 981 1339 74.

419 1344 729 1396 Civitavecchia,
743 1349 803 1386 83.

419 1403 565 1451 Claret,
582 1406 718 1442 Mosen
736 1409 924 1454 Joannes,
940 1409 1001 1457 31,
1019 1410 1079 1448 32.
1119 1405 1122 1408 ⁴

419 1462 640 1512 Clemente,
659 1465 840 1514 Michael,
859 1476 942 1513 555.

419 1520 639 1568 Coadjutor
668 1525 862 1571 Bergami.
896 1527 996 1563 Vide
1027 1529 1204 1576 Lipoma—

466 1592 554 1628 nus,
571 1582 760 1620 Aloisius.

419 1639 549 1675 Cobos
568 1646 609 1676 et
624 1641 770 1690 Covos,
801 1644 1034 1681 Franciscus
1063 1646 1112 1682 de
1130 1648 1204 1693 los,

466 1698 830 1738 Commendatarius
865 1715 1041 1740 summus
1077 1706 1206 1752 legio-

465 1759 613 1806 nensis,
633 1759 774 1797 Carolo
803 1763 839 1797 V
868 1774 890 1798 a
913 1764 1091 1811 secretis,
1121 1766 1205 1812 203,

466 1817 530 1853 281
547 1847 556 1865 ,
590 1818 679 1865 3093
723 1821 764 1856 in
797 1823 975 1858 morbum
1010 1825 1205 1872 recidens,

467 1875 676 1913 Araozium
694 1885 824 1925 vocat,
842 1879 926 1927 330,
943 1880 1026 1926 346.

419 1933 652 1984 Cochlaeus,
670 1939 901 1987 Dobeneck,
917 1942 1103 1989 Joannes,
1121 1942 1206 1990 366,

467 1992 551 2029 368.

419 2051 604 2100 Codaeio,
623 2054 778 2102 Petrus,
797 2056 855 2091 rei
878 2057 1117 2095 domesticae
1137 2059 1201 2095 So-

465 2111 620 2148 cietatis
649 2125 831 2150 romanae
861 2122 1030 2164 curator,
1060 2117 1120 2166 30,
1144 2119 1204 2164 64,

465 2181 525 2265 39,
557 2172 641 2219 226,
672 2182 756 2220 245,
787 2183 871 2221 255,
895 2184 979 2222 272,
1011 2176 1095 2223 361,
1120 2177 1205 2225 389,

493 2241 552 2276 99·

419 2287 606 2337 Codreto,
624 2291 677 2326 du
701 2292 847 2328 Codret
865 2298 906 2328 et
928 2294 981 2330 du
1007 2293 1205 2343 Coudrey,

468 2348 654 2397 Annibal,
673 2350 756 2386 308.

419 2406 580 2455 Coduri,
611 2409 766 2445 Codure
801 2416 841 2446 et
870 2411 1016 2458 Codur,
1043 2413 1206 2449 Guiliel-

466 2478 567 2514 mus,
590 2476 671 2514 107,
699 2477 779 2514 142.

419 2524 579 2573 Coduri,
605 2527 760 2563 Codure
784 2533 824 2563 et
847 2528 993 2575 Codur,
1018 2531 1206 2578 Joannes,

400 2628 402 2631 v
466 2584 668 2630 Guilielmi
682 2587 817 2634 frater,
832 2599 933 2623 unus
948 2600 970 2624 e
984 2589 1119 2635 primis
1138 2590 1206 2625 So-

465 2642 620 2680 cietatis
643 2646 841 2693 Patribus,
866 2646 927 2693 64,
953 2646 1014 2693 67,
1045 2656 1104 2693 7o;
1131 2649 1205 2695 pri-

465 2713 552 2737 mus
567 2715 616 2738 ex
630 2703 807 2751 professa
820 2705 1018 2741 Societate
1033 2707 1130 2754 obit,
1145 2717 1203 2754 90.

419 2761 593 2805 Coelius,
613 2763 766 2799 Marcus
786 2764 996 2811 Antonius,
1018 2774 1074 2810 17.

419 2819 664 2857 Coenobium
682 2823 944 2870 bottuicense,
959 2823 1043 2871 365,
1062 2824 1144 2861 368.

418 2878 626 2924 Cogordan
640 2886 681 2916 et
694 2881 964 2929 Cogordanus,
975 2883 1152 2930 Pontius,
1168 2885 1204 2930 63

466 2937 625 2974 Parisiis
640 2945 876 2975 exercetura
890 2941 1053 2988 Mirone,
1065 2950 1124 2988 743
1140 2955 1207 2979 no-

467 3007 556 3031 men
570 2997 637 3032 dat
654 2997 858 3046 Societati,
879 2999 994 3045 ibid.;
1013 3001 1054 3036 in
1071 3002 1206 3044 Portu—

1162 250 1332 285 INDICES

1325 349 1485 394 galliam
1514 350 1636 397 venit,
1672 358 1731 397 77;
1762 351 1894 399 ibique
1923 354 2067 392 studiis

1329 412 1456 453 vacat,
1473 416 1534 454 91,
1556 408 1637 455 106,
1658 417 1738 453 1423
1753 409 1957 447 audiendis
1973 422 2065 459 poe-

1328 466 1545 501 nitentibus
1571 466 1751 513 desudat,
1774 467 1854 514 182,
1875 467 1956 516 183,
1982 469 2066 517 1843

1329 523 1740 559 excommunicationis
1777 523 1941 563 fulmine
1974 525 2065 565 feri-

1330 586 1406 626 tur,
1445 580 1530 625 1853
1571 581 1620 616 ad
1649 582 1844 628 Ignatium
1872 584 2067 634 confugit,

1332 638 1412 684 186,
1434 638 1514 684 187;
1532 638 1733 675 decretum
1757 642 2065 681 excommunica-

1329 697 1462 743 tionis,
1480 697 1621 743 188-903
1637 699 1868 736 Pontificem
1880 702 2067 749 appellat,

1333 765 1424 802 1913
1456 758 1506 792 ab
1540 758 1694 803 Ignatio
1730 758 1943 806 excipitur,
1972 769 2065 806 2223

1327 825 1414 862 464,
1444 815 1530 862 466,
1547 825 1632 863 407,
1650 816 1735 864 486,
1753 818 1839 864 528,
1857 827 1940 864 529-

1282 875 1465 912 Coimbra
1500 875 1809 922 (Conimbrica).
1846 877 2065 917 Conimbri-

1328 933 1457 969 censis
1471 934 1609 970 domus
1627 939 1668 970 et
1695 935 1906 982 collegium
1934 935 2068 973 Socie-

1329 994 1435 1040 tatis,
1469 993 1550 1040 106,
1579 1003 1660 1040 124,
1685 1003 1766 1041 142,
1800 995 1880 1041 1433
1917 1003 1998 1042 1573
2017 1007 2070 1032 eo

1328 1053 1438 1097 venit
1451 1053 1593 1101 Araoz,
1611 1053 1691 1098 1623
1706 1054 2066 1100 collegiumdescri-

1328 1112 1386 1147 bit
1404 1117 1444 1147 et
1461 1111 1607 1158 laudat,
1639 1111 1721 1159 163,
1755 1113 1836 1160 166,
1869 1113 1949 1159 168;
1983 1121 2069 1161 172,

1331 1171 1411 1216 1733
1445 1171 1653 1206 mittuntur
1677 1172 1797 1219 aliqui
1821 1172 1919 1209 socii
1940 1172 1991 1210 ad
2009 1173 2066 1211 in-

1327 1230 1546 1266 choandum
1575 1231 1786 1276 collegium
1808 1231 2069 1280 valentinum,

1331 1298 1416 1334 174;
1447 1294 1586 1336 sponte
1616 1301 1686 1324 sua
1714 1289 1882 1327 discedit
1902 1291 2066 1329 Romam

1328 1360 1466 1384 versus
1484 1348 1705 1396 Cogordan,
1739 1349 1819 1395 1833
1849 1341 2066 1388 Conimbrir

1327 1419 1412 1443 cam
1443 1407 1553 1443 venit
1585 1408 1726 1455 Faber,
1765 1407 1850 1454 1933
1882 1409 2070 1457 reliquias

1327 1467 1434 1502 Stae.
1469 1467 1636 1503 Ursulae
1665 1472 1706 1502 et
1741 1466 1942 1503 Sociarum
1970 1469 2068 1507 MM.

1327 1526 1446 1561 donat
1470 1525 1652 1572 collegio,
1682 1535 1766 1571 2013
1793 1527 1951 1573 collegii
1965 1527 2071 1563 redi<

1328 1590 1407 1631 tus,
1425 1585 1509 1631 218,
1527 1593 1612 1631 221,
1636 1594 1720 1632 222,
1743 1585 1828 1631 2673
1857 1585 1955 1623 socii
1981 1587 2065 1634 plu-

1327 1655 1390 1679 res
1407 1643 1448 1679 in
1463 1643 1612 1679 Indiam
1625 1645 1799 1692 solvunt,
1816 1644 1900 1691 4853
1919 1646 2072 1684 obeunt

1328 1703 1545 1738 ministeria
1560 1714 1683 1747 sacra,
1702 1713 1784 1748 5203
1800 1704 1966 1744 Estrada
1973 1716 2051 1745 con

1327 1762 1503 1797 cionatur
1516 1761 1753 1808 jejuniorum
1767 1769 1957 1811 tempore,
1980 1764 2066 1810 526·>

1328 1820 1487 1866 negotia
1516 1821 1732 1868 implicata,
1763 1830 1852 1869 529,
1892 1821 2068 1871 535—544,

1328 1879 1498 1924 §St-5535
1534 1880 1692 1926 collegii
1723 1881 1927 1918 Rectores.
1963 1881 2064 1918 Vide

1328 1938 1454 1974 Miron
1469 1967 1479 1985 ,
1514 1938 1748 1987 Santacruz,
1785 1940 1983 1981 Gonzalez
2015 1941 2064 1977 de

1328 1997 1507 2044 Camara,
1531 1997 1646 2034 Gra-15.

1280 2054 1444 2091 Colonia
1473 2057 1635 2103 (Kdln),
1668 2056 1754 2103 13o;
1785 2058 1912 2097 Faber
1933 2059 2070 2106 plures

1327 2114 1738 2164 Societati'conciliat,
1765 2116 1851 2163 1333
1873 2117 1954 2164 136,
1982 2126 2066 2164 140.

1280 2173 1471 2221 Colonna,
1490 2174 1698 2223 Ascanius,
1724 2175 1780 2212 18.
1966 2223 1970 2226 ι
2058 2222 2059 2225 ¹

1280 2234 1469 2280 Colonna,
1494 2234 1647 2271 Marcus
1672 2235 1882 2284 Antonius,
1905 2236 2069 2275 Ascanii

1325 2292 1446 2339 filius,
1468 2292 1525 2328 18.

1281 2351 1423 2388 Comes
1453 2350 1503 2387 de
1530 2352 1720 2388 Buendia.
1749 2352 1849 2389 Vide
1868 2353 2006 2391 Acufia
2023 2360 2068 2390 et

1328 2411 1535 2458 Enriquez.

1281 2469 1423 2506 Comes
1441 2469 1490 2505 de
1514 2471 1630 2506 Bura.
1652 2471 1753 2507 Vide
1770 2471 1964 2520 Egmond,
1983 2473 2067 2509 Ma*

1327 2529 1565 2565 ximilianus.

1280 2587 1422 2624 Comes
1439 2587 1488 2623 de
1503 2588 1770 2625 Castanheira.
1787 2589 1888 2625 Vide
1905 2589 2066 2627 Ataide.

1270 2646 1422 2697 “Comes
1440 2648 1490 2684 de
1507 2648 1726 2687 Cifuentes.
1746 2650 1847 2687 Vide
1864 2650 1987 2688 Silva.

1280 2706 1422 2742 Comes
1440 2707 1490 2742 de
1508 2708 1539 2742 F
1541 2707 1634 2744 eria.
1648 2708 1755 2751 ¹Vide
1772 2708 1919 2746 Suarez
1941 2709 1991 2748 de
2004 2710 2070 2746 Fi*

1268 2805 1276 2813 ·
1297 2760 1301 2765 ’
1325 2776 1486 2811 gueroa.

1280 2826 1422 2861 Comes
1439 2825 1488 2860 de
1507 2826 1668 2872 Morata.
1689 2826 1790 2863 Vide
1807 2827 2067 2865 Martineade

1328 2885 1454 2920 Luna.

1281 2944 1423 2980 Comes
1440 2943 1489 2979 de
1499 2944 1725 2990 ,Ribagorza
1742 2947 1805 2981 vel
1828 2945 2064 2992 Rivagorza.

1328 3003 1427 3038 Vide
1446 3003 1596 3049 Gurrea
1613 3016 1640 3050 y
1659 3004 1830 3051 Aragon.
