<?xml version="1.0" encoding="UTF-8"?>
<!DOCTYPE html PUBLIC "-//W3C//DTD XHTML 1.0 Transitional//EN"
    "http://www.w3.org/TR/xhtml1/DTD/xhtml1-transitional.dtd">
<html xmlns="http://www.w3.org/1999/xhtml" xml:lang="en" lang="en">
 <head>
  <title>
</title>
<meta http-equiv="Content-Type" content="text/html;charset=utf-8" />
  <meta name='ocr-system' content='tesseract 3.04.00' />
  <meta name='ocr-capabilities' content='ocr_page ocr_carea ocr_par ocr_line ocrx_word'/>
</head>
<body>
  <div class='ocr_page' id='page_1' title='image "./epistolaemixtaee01matruoft_0458.png"; bbox 0 0 2196 3548; ppageno 0'>
   <div class='ocr_carea' id='block_1_1' title="bbox 346 285 1384 337">
    <p class='ocr_par' dir='ltr' id='par_1_1' title="bbox 346 285 1384 337">
     <span class='ocr_line' id='line_1_1' title="bbox 346 285 1384 337; baseline -0.008 -10"><span class='ocrx_word' id='word_1_1' title='bbox 346 297 420 337; x_wconf 85' lang='lat'>452</span> <span class='ocrx_word' id='word_1_2' title='bbox 951 289 1189 323; x_wconf 84' lang='lat' dir='ltr'><strong>EPISTOLAE</strong></span> <span class='ocrx_word' id='word_1_3' title='bbox 1215 285 1384 320; x_wconf 72' lang='grc' dir='ltr'>ΜΙΧΤΑΕ</span> 
     </span>
    </p>
   </div>
   <div class='ocr_carea' id='block_1_2' title="bbox 290 383 1990 1131">
    <p class='ocr_par' dir='ltr' id='par_1_2' title="bbox 290 383 1990 1131">
     <span class='ocr_line' id='line_1_2' title="bbox 340 383 1990 441; baseline -0.004 -6"><span class='ocrx_word' id='word_1_4' title='bbox 340 404 447 435; x_wconf 85' lang='lat' dir='ltr'>casa</span> <span class='ocrx_word' id='word_1_5' title='bbox 467 390 619 434; x_wconf 88' lang='lat' dir='ltr'>donde</span> <span class='ocrx_word' id='word_1_6' title='bbox 638 389 804 434; x_wconf 86' lang='lat' dir='ltr'>habbia</span> <span class='ocrx_word' id='word_1_7' title='bbox 825 388 956 432; x_wconf 90' lang='lat' dir='ltr'>dechi</span> <span class='ocrx_word' id='word_1_8' title='bbox 978 386 1128 440; x_wconf 88' lang='lat' dir='ltr'>chelli,</span> <span class='ocrx_word' id='word_1_9' title='bbox 1153 400 1212 441; x_wconf 92' lang='lat' dir='ltr'>oy</span> <span class='ocrx_word' id='word_1_10' title='bbox 1227 399 1336 428; x_wconf 86' lang='lat' dir='ltr'>vero</span> <span class='ocrx_word' id='word_1_11' title='bbox 1353 384 1391 428; x_wconf 93' lang='lat' dir='ltr'>si</span> <span class='ocrx_word' id='word_1_12' title='bbox 1410 383 1578 427; x_wconf 86' lang='lat' dir='ltr'>fassino</span> <span class='ocrx_word' id='word_1_13' title='bbox 1594 384 1652 426; x_wconf 88' lang='lat' dir='ltr'>de</span> <span class='ocrx_word' id='word_1_14' title='bbox 1672 397 1794 427; x_wconf 94' lang='lat' dir='ltr'>nouo</span> <span class='ocrx_word' id='word_1_15' title='bbox 1810 389 1857 428; x_wconf 90' lang='lat' dir='ltr'>et</span> <span class='ocrx_word' id='word_1_16' title='bbox 1877 384 1990 428; x_wconf 53' lang='lat' dir='ltr'>altri*</span> 
     </span>
     <span class='ocr_line' id='line_1_3' title="bbox 312 453 1985 516; baseline -0.004 -6"><span class='ocrx_word' id='word_1_17' title='bbox 312 453 322 466; x_wconf 65' lang='grc'>’</span> <span class='ocrx_word' id='word_1_18' title='bbox 341 466 461 512; x_wconf 89' lang='lat' dir='ltr'>lochi</span> <span class='ocrx_word' id='word_1_19' title='bbox 482 466 530 510; x_wconf 92' lang='lat' dir='ltr'>in</span> <span class='ocrx_word' id='word_1_20' title='bbox 551 467 596 510; x_wconf 93' lang='grc'>13</span> <span class='ocrx_word' id='word_1_21' title='bbox 616 466 738 510; x_wconf 86' lang='lat' dir='ltr'>dicta</span> <span class='ocrx_word' id='word_1_22' title='bbox 758 479 863 509; x_wconf 90' lang='lat' dir='ltr'>casa</span> <span class='ocrx_word' id='word_1_23' title='bbox 884 465 1031 508; x_wconf 90' lang='lat' dir='ltr'>donde</span> <span class='ocrx_word' id='word_1_24' title='bbox 1053 463 1095 505; x_wconf 93' lang='lat' dir='ltr'>le</span> <span class='ocrx_word' id='word_1_25' title='bbox 1111 461 1223 505; x_wconf 91' lang='lat' dir='ltr'>detti</span> <span class='ocrx_word' id='word_1_26' title='bbox 1239 459 1422 504; x_wconf 87' lang='lat' dir='ltr'>maestri</span> <span class='ocrx_word' id='word_1_27' title='bbox 1438 466 1485 503; x_wconf 90' lang='lat' dir='ltr'>et</span> <span class='ocrx_word' id='word_1_28' title='bbox 1502 458 1705 516; x_wconf 84' lang='lat' dir='ltr'>religiusi</span> <span class='ocrx_word' id='word_1_29' title='bbox 1722 466 1912 516; x_wconf 89' lang='lat' dir='ltr'>stayano</span> <span class='ocrx_word' id='word_1_30' title='bbox 1932 467 1985 503; x_wconf 81' lang='lat' dir='ltr'>et</span> 
     </span>
     <span class='ocr_line' id='line_1_4' title="bbox 341 535 1982 599; baseline -0.004 -12"><span class='ocrx_word' id='word_1_31' title='bbox 341 542 558 587; x_wconf 88' lang='lat' dir='ltr'>habitano</span> <span class='ocrx_word' id='word_1_32' title='bbox 572 542 720 599; x_wconf 91' lang='lat' dir='ltr'>juncti</span> <span class='ocrx_word' id='word_1_33' title='bbox 742 542 790 584; x_wconf 90' lang='lat' dir='ltr'>in</span> <span class='ocrx_word' id='word_1_34' title='bbox 810 540 992 585; x_wconf 91' lang='lat' dir='ltr'>comuni</span> <span class='ocrx_word' id='word_1_35' title='bbox 1013 546 1058 582; x_wconf 89' lang='lat' dir='ltr'>et</span> <span class='ocrx_word' id='word_1_36' title='bbox 1080 551 1275 595; x_wconf 84' lang='lat' dir='ltr'>possano</span> <span class='ocrx_word' id='word_1_37' title='bbox 1295 537 1450 592; x_wconf 88' lang='lat' dir='ltr'>legere</span> <span class='ocrx_word' id='word_1_38' title='bbox 1472 535 1876 591; x_wconf 87' lang='lat' dir='ltr'>quotidianamenti</span> <span class='ocrx_word' id='word_1_39' title='bbox 1892 550 1919 580; x_wconf 88' lang='lat' dir='ltr'>a</span> <span class='ocrx_word' id='word_1_40' title='bbox 1933 537 1982 580; x_wconf 78' lang='grc'>16</span> 
     </span>
     <span class='ocr_line' id='line_1_5' title="bbox 345 611 1978 677; baseline -0.004 -14"><span class='ocrx_word' id='word_1_41' title='bbox 345 633 538 677; x_wconf 77' lang='lat' dir='ltr'>persone</span> <span class='ocrx_word' id='word_1_42' title='bbox 559 620 644 663; x_wconf 88' lang='lat' dir='ltr'>che</span> <span class='ocrx_word' id='word_1_43' title='bbox 666 630 1030 662; x_wconf 89' lang='lat' dir='ltr'>concurreranno</span> <span class='ocrx_word' id='word_1_44' title='bbox 1052 630 1078 657; x_wconf 89' lang='lat' dir='ltr'>a</span> <span class='ocrx_word' id='word_1_45' title='bbox 1099 613 1294 666; x_wconf 87' lang='lat' dir='ltr'>audirili,</span> <span class='ocrx_word' id='word_1_46' title='bbox 1318 611 1614 668; x_wconf 89' lang='lat' dir='ltr'>supplicando</span> <span class='ocrx_word' id='word_1_47' title='bbox 1624 612 1937 668; x_wconf 89' lang='lat' dir='ltr'>junctamente</span> <span class='ocrx_word' id='word_1_48' title='bbox 1951 627 1978 657; x_wconf 86' lang='lat' dir='ltr'>a</span> 
     </span>
     <span class='ocr_line' id='line_1_6' title="bbox 345 688 1982 746; baseline -0.005 -6"><span class='ocrx_word' id='word_1_49' title='bbox 345 698 402 740; x_wconf 90' lang='lat' dir='ltr'>V.</span> <span class='ocrx_word' id='word_1_50' title='bbox 429 697 482 739; x_wconf 90' lang='lat' dir='ltr'>E.</span> <span class='ocrx_word' id='word_1_51' title='bbox 507 695 617 739; x_wconf 89' lang='lat' dir='ltr'>resti</span> <span class='ocrx_word' id='word_1_52' title='bbox 638 694 808 738; x_wconf 90' lang='lat' dir='ltr'>seruita</span> <span class='ocrx_word' id='word_1_53' title='bbox 829 693 1113 743; x_wconf 89' lang='lat' dir='ltr'>comandare,</span> <span class='ocrx_word' id='word_1_54' title='bbox 1139 690 1387 746; x_wconf 90' lang='lat' dir='ltr'>approbare</span> <span class='ocrx_word' id='word_1_55' title='bbox 1408 695 1453 731; x_wconf 89' lang='lat' dir='ltr'>et</span> <span class='ocrx_word' id='word_1_56' title='bbox 1475 689 1742 732; x_wconf 86' lang='lat' dir='ltr'>confirmare</span> <span class='ocrx_word' id='word_1_57' title='bbox 1767 688 1800 731; x_wconf 92' lang='lat' dir='ltr'>il</span> <span class='ocrx_word' id='word_1_58' title='bbox 1827 688 1982 733; x_wconf 69' lang='lat' dir='ltr'>consi-</span> 
     </span>
     <span class='ocr_line' id='line_1_7' title="bbox 345 760 1982 829; baseline -0.004 -13"><span class='ocrx_word' id='word_1_59' title='bbox 345 773 424 829; x_wconf 86' lang='lat' dir='ltr'>glo</span> <span class='ocrx_word' id='word_1_60' title='bbox 445 773 530 816; x_wconf 90' lang='lat' dir='ltr'>che</span> <span class='ocrx_word' id='word_1_61' title='bbox 552 785 689 828; x_wconf 88' lang='lat' dir='ltr'>supra</span> <span class='ocrx_word' id='word_1_62' title='bbox 711 777 872 826; x_wconf 92' lang='lat' dir='ltr'>questo</span> <span class='ocrx_word' id='word_1_63' title='bbox 894 769 931 812; x_wconf 90' lang='lat' dir='ltr'>si</span> <span class='ocrx_word' id='word_1_64' title='bbox 952 770 1011 811; x_wconf 90' lang='lat' dir='ltr'>ha</span> <span class='ocrx_word' id='word_1_65' title='bbox 1031 760 1174 820; x_wconf 72' lang='lat' dir='ltr'>facto,</span> <span class='ocrx_word' id='word_1_66' title='bbox 1210 773 1256 810; x_wconf 90' lang='lat' dir='ltr'>et</span> <span class='ocrx_word' id='word_1_67' title='bbox 1291 767 1335 808; x_wconf 92' lang='lat' dir='ltr'>lo</span> <span class='ocrx_word' id='word_1_68' title='bbox 1366 765 1414 808; x_wconf 91' lang='lat' dir='ltr'>in</span> <span class='ocrx_word' id='word_1_69' title='bbox 1446 765 1596 820; x_wconf 85' lang='lat' dir='ltr'>quello</span> <span class='ocrx_word' id='word_1_70' title='bbox 1627 765 1868 809; x_wconf 89' lang='lat' dir='ltr'>accordato</span> <span class='ocrx_word' id='word_1_71' title='bbox 1897 779 1982 823; x_wconf 88' lang='lat' dir='ltr'>per</span> 
     </span>
     <span class='ocr_line' id='line_1_8' title="bbox 343 840 1984 905; baseline -0.003 -13"><span class='ocrx_word' id='word_1_72' title='bbox 343 849 564 905; x_wconf 87' lang='lat' dir='ltr'>spendere</span> <span class='ocrx_word' id='word_1_73' title='bbox 586 856 631 891; x_wconf 87' lang='lat' dir='ltr'>et</span> <span class='ocrx_word' id='word_1_74' title='bbox 653 854 834 904; x_wconf 85' lang='lat' dir='ltr'>gastare</span> <span class='ocrx_word' id='word_1_75' title='bbox 855 847 912 889; x_wconf 90' lang='grc'>(16</span> <span class='ocrx_word' id='word_1_76' title='bbox 934 845 964 888; x_wconf 92' lang='lat' dir='ltr'>li</span> <span class='ocrx_word' id='word_1_77' title='bbox 986 843 1149 888; x_wconf 89' lang='lat' dir='ltr'>renditi</span> <span class='ocrx_word' id='word_1_78' title='bbox 1172 850 1217 886; x_wconf 86' lang='lat' dir='ltr'>et</span> <span class='ocrx_word' id='word_1_79' title='bbox 1238 842 1405 899; x_wconf 87' lang='lat' dir='ltr'>gabelli</span> <span class='ocrx_word' id='word_1_80' title='bbox 1433 843 1534 885; x_wconf 91' lang='lat' dir='ltr'>dela</span> <span class='ocrx_word' id='word_1_81' title='bbox 1562 841 1652 886; x_wconf 76' lang='lat' dir='ltr'>cita</span> <span class='ocrx_word' id='word_1_82' title='bbox 1678 842 1828 898; x_wconf 91' lang='lat' dir='ltr'>quello</span> <span class='ocrx_word' id='word_1_83' title='bbox 1853 840 1984 887; x_wconf 56' lang='lat' dir='ltr'>serra</span> 
     </span>
     <span class='ocr_line' id='line_1_9' title="bbox 347 918 1982 980; baseline -0.003 -11"><span class='ocrx_word' id='word_1_84' title='bbox 347 924 603 968; x_wconf 89' lang='lat' dir='ltr'>necessario</span> <span class='ocrx_word' id='word_1_85' title='bbox 626 938 706 980; x_wconf 91' lang='lat' dir='ltr'>per</span> <span class='ocrx_word' id='word_1_86' title='bbox 726 924 769 966; x_wconf 96' lang='lat' dir='ltr'>lo</span> <span class='ocrx_word' id='word_1_87' title='bbox 792 922 1042 979; x_wconf 88' lang='lat' dir='ltr'>supraditto</span> <span class='ocrx_word' id='word_1_88' title='bbox 1064 922 1230 963; x_wconf 87' lang='lat' dir='ltr'>effectu</span> <span class='ocrx_word' id='word_1_89' title='bbox 1252 919 1299 962; x_wconf 92' lang='lat' dir='ltr'>in</span> <span class='ocrx_word' id='word_1_90' title='bbox 1327 918 1450 962; x_wconf 90' lang='lat' dir='ltr'>omni</span> <span class='ocrx_word' id='word_1_91' title='bbox 1478 934 1598 963; x_wconf 91' lang='lat' dir='ltr'>anno</span> <span class='ocrx_word' id='word_1_92' title='bbox 1626 921 1711 962; x_wconf 88' lang='lat' dir='ltr'>che</span> <span class='ocrx_word' id='word_1_93' title='bbox 1740 919 1784 962; x_wconf 91' lang='lat' dir='ltr'>la</span> <span class='ocrx_word' id='word_1_94' title='bbox 1814 919 1906 964; x_wconf 69' lang='lat' dir='ltr'>cita</span> <span class='ocrx_word' id='word_1_95' title='bbox 1932 920 1982 964; x_wconf 79' lang='lat'>1¹0</span> 
     </span>
     <span class='ocr_line' id='line_1_10' title="bbox 345 995 1982 1058; baseline -0.003 -13"><span class='ocrx_word' id='word_1_96' title='bbox 345 1001 576 1058; x_wconf 78' lang='lat' dir='ltr'>complira,</span> <span class='ocrx_word' id='word_1_97' title='bbox 602 1002 659 1044; x_wconf 89' lang='lat' dir='ltr'>de</span> <span class='ocrx_word' id='word_1_98' title='bbox 680 1001 723 1043; x_wconf 95' lang='lat' dir='ltr'>lo</span> <span class='ocrx_word' id='word_1_99' title='bbox 745 1000 879 1042; x_wconf 91' lang='lat' dir='ltr'>modo</span> <span class='ocrx_word' id='word_1_100' title='bbox 901 1005 946 1042; x_wconf 94' lang='lat' dir='ltr'>et</span> <span class='ocrx_word' id='word_1_101' title='bbox 967 1011 1149 1040; x_wconf 90' lang='lat' dir='ltr'>manera</span> <span class='ocrx_word' id='word_1_102' title='bbox 1169 998 1254 1039; x_wconf 93' lang='lat' dir='ltr'>che</span> <span class='ocrx_word' id='word_1_103' title='bbox 1276 998 1333 1040; x_wconf 94' lang='lat' dir='ltr'>V.</span> <span class='ocrx_word' id='word_1_104' title='bbox 1361 997 1413 1039; x_wconf 89' lang='lat' dir='ltr'>E.</span> <span class='ocrx_word' id='word_1_105' title='bbox 1444 999 1569 1039; x_wconf 81' lang='lat' dir='ltr'>serra</span> <span class='ocrx_word' id='word_1_106' title='bbox 1595 995 1767 1039; x_wconf 83' lang='lat' dir='ltr'>seruita</span> <span class='ocrx_word' id='word_1_107' title='bbox 1792 1009 1982 1040; x_wconf 73' lang='grc'>00111311-</span> 
     </span>
     <span class='ocr_line' id='line_1_11' title="bbox 290 1072 1984 1131; baseline -0.003 -9"><span class='ocrx_word' id='word_1_108' title='bbox 290 1093 293 1097; x_wconf 56' lang='lat'>*</span> <span class='ocrx_word' id='word_1_109' title='bbox 344 1077 470 1121; x_wconf 89' lang='lat' dir='ltr'>darlo</span> <span class='ocrx_word' id='word_1_110' title='bbox 492 1084 538 1120; x_wconf 90' lang='lat' dir='ltr'>et</span> <span class='ocrx_word' id='word_1_111' title='bbox 555 1092 585 1121; x_wconf 86' lang='grc'>6</span> <span class='ocrx_word' id='word_1_112' title='bbox 608 1077 849 1121; x_wconf 87' lang='lat' dir='ltr'>accordato</span> <span class='ocrx_word' id='word_1_113' title='bbox 871 1089 949 1131; x_wconf 88' lang='lat' dir='ltr'>per</span> <span class='ocrx_word' id='word_1_114' title='bbox 970 1075 1014 1117; x_wconf 91' lang='lat' dir='ltr'>lo</span> <span class='ocrx_word' id='word_1_115' title='bbox 1031 1073 1248 1129; x_wconf 84' lang='lat' dir='ltr'>Consiglo</span> <span class='ocrx_word' id='word_1_116' title='bbox 1264 1072 1528 1129; x_wconf 88' lang='lat' dir='ltr'>sopraditto,</span> <span class='ocrx_word' id='word_1_117' title='bbox 1547 1079 1597 1115; x_wconf 90' lang='lat' dir='ltr'>vt</span> <span class='ocrx_word' id='word_1_118' title='bbox 1613 1072 1857 1116; x_wconf 84' lang='lat' dir='ltr'>altissimus</span> <span class='ocrx_word' id='word_1_119' title='bbox 1874 1072 1984 1117; x_wconf 68' lang='lat' dir='ltr'>eius</span> 
     </span>
    </p>
   </div>
   <div class='ocr_carea' id='block_1_3' title="bbox 347 1154 1980 1278">
    <p class='ocr_par' dir='ltr' id='par_1_3' title="bbox 347 1154 1980 1278">
     <span class='ocr_line' id='line_1_12' title="bbox 415 1154 600 1197; baseline 0.006 -1"><span class='ocrx_word' id='word_1_120' title='bbox 415 1154 600 1197; x_wconf 91' lang='lat' dir='ltr'>rbonus.</span> 
     </span>
     <span class='ocr_line' id='line_1_13' title="bbox 347 1155 1980 1278; baseline -0.002 -5"><span class='ocrx_word' id='word_1_121' title='bbox 347 1155 414 1199; x_wconf 66' lang='lat' dir='ltr'>Ga</span> <span class='ocrx_word' id='word_1_122' title='bbox 432 1231 483 1274; x_wconf 94' lang='lat' dir='ltr'>In</span> <span class='ocrx_word' id='word_1_123' title='bbox 519 1229 658 1273; x_wconf 91' lang='lat' dir='ltr'>nobili</span> <span class='ocrx_word' id='word_1_124' title='bbox 686 1229 869 1278; x_wconf 84' lang='lat' dir='ltr'>ciuitate</span> <span class='ocrx_word' id='word_1_125' title='bbox 897 1231 1106 1272; x_wconf 90' lang='lat' dir='ltr'>Messane</span> <span class='ocrx_word' id='word_1_126' title='bbox 1133 1226 1205 1269; x_wconf 91' lang='lat' dir='ltr'>die</span> <span class='ocrx_word' id='word_1_127' title='bbox 1233 1227 1375 1270; x_wconf 88' lang='lat' dir='ltr'><strong>XVII.</strong></span> <span class='ocrx_word' id='word_1_128' title='bbox 1381 1236 1404 1260; x_wconf 92' lang='lat'><em>0</em></span> <span class='ocrx_word' id='word_1_129' title='bbox 1428 1225 1694 1270; x_wconf 83' lang='lat' dir='ltr'><strong>Decembris</strong></span> <span class='ocrx_word' id='word_1_130' title='bbox 1721 1226 1799 1270; x_wconf 88' lang='lat' dir='ltr'>VI.</span> <span class='ocrx_word' id='word_1_131' title='bbox 1805 1237 1830 1262; x_wconf 81' lang='lat' dir='ltr'>e</span> <span class='ocrx_word' id='word_1_132' title='bbox 1853 1226 1980 1270; x_wconf 81' lang='lat' dir='ltr'>Indi-</span> 
     </span>
    </p>
   </div>
   <div class='ocr_carea' id='block_1_4' title="bbox 347 1306 666 1361">
    <p class='ocr_par' dir='ltr' id='par_1_4' title="bbox 347 1306 666 1361">
     <span class='ocr_line' id='line_1_14' title="bbox 347 1306 666 1361; baseline -0.003 -11"><span class='ocrx_word' id='word_1_133' title='bbox 347 1306 512 1350; x_wconf 89' lang='lat' dir='ltr'>ctionis</span> <span class='ocrx_word' id='word_1_134' title='bbox 539 1316 666 1361; x_wconf 86' lang='lat'><em>1547.</em></span> 
     </span>
    </p>
   </div>
   <div class='ocr_carea' id='block_1_5' title="bbox 336 1455 2028 3043">
    <p class='ocr_par' dir='ltr' id='par_1_5' title="bbox 338 1455 2028 2500">
     <span class='ocr_line' id='line_1_15' title="bbox 433 1455 1984 1512; baseline -0.001 -10"><span class='ocrx_word' id='word_1_135' title='bbox 433 1458 712 1502; x_wconf 84' lang='lat' dir='ltr'>Excellentia</span> <span class='ocrx_word' id='word_1_136' title='bbox 748 1457 873 1501; x_wconf 83' lang='lat' dir='ltr'>Ilei</span> <span class='ocrx_word' id='word_1_137' title='bbox 908 1456 1013 1500; x_wconf 87' lang='lat' dir='ltr'>D.ni</span> <span class='ocrx_word' id='word_1_138' title='bbox 1057 1455 1270 1512; x_wconf 80' lang='lat' dir='ltr'>Protegis</span> <span class='ocrx_word' id='word_1_139' title='bbox 1305 1455 1460 1499; x_wconf 91' lang='lat' dir='ltr'>laudat</span> <span class='ocrx_word' id='word_1_140' title='bbox 1492 1462 1538 1498; x_wconf 88' lang='lat' dir='ltr'>et</span> <span class='ocrx_word' id='word_1_141' title='bbox 1567 1456 1709 1499; x_wconf 87' lang='lat' dir='ltr'>valde</span> <span class='ocrx_word' id='word_1_142' title='bbox 1736 1457 1984 1501; x_wconf 73' lang='lat' dir='ltr'>comendat</span> 
     </span>
     <span class='ocr_line' id='line_1_16' title="bbox 344 1532 1980 1592; baseline -0.001 -13"><span class='ocrx_word' id='word_1_143' title='bbox 344 1535 559 1592; x_wconf 86' lang='lat' dir='ltr'>optimam</span> <span class='ocrx_word' id='word_1_144' title='bbox 581 1541 777 1578; x_wconf 83' lang='lat' dir='ltr'><strong>mentem</strong></span> <span class='ocrx_word' id='word_1_145' title='bbox 801 1533 1147 1590; x_wconf 81' lang='lat' dir='ltr'>Magnificorum</span> <span class='ocrx_word' id='word_1_146' title='bbox 1164 1535 1426 1591; x_wconf 89' lang='lat' dir='ltr'>Juratorum</span> <span class='ocrx_word' id='word_1_147' title='bbox 1448 1547 1585 1588; x_wconf 89' lang='lat' dir='ltr'>super</span> <span class='ocrx_word' id='word_1_148' title='bbox 1611 1532 1838 1576; x_wconf 88' lang='lat' dir='ltr'>contentis</span> <span class='ocrx_word' id='word_1_149' title='bbox 1865 1546 1980 1590; x_wconf 68' lang='lat' dir='ltr'>sup—-</span> 
     </span>
     <span class='ocr_line' id='line_1_17' title="bbox 343 1608 1980 1669; baseline -0.001 -14"><span class='ocrx_word' id='word_1_150' title='bbox 343 1611 599 1669; x_wconf 83' lang='lat' dir='ltr'>plicatione,</span> <span class='ocrx_word' id='word_1_151' title='bbox 624 1618 671 1654; x_wconf 87' lang='lat' dir='ltr'>et</span> <span class='ocrx_word' id='word_1_152' title='bbox 692 1611 839 1667; x_wconf 91' lang='lat' dir='ltr'>placet</span> <span class='ocrx_word' id='word_1_153' title='bbox 861 1611 953 1654; x_wconf 91' lang='lat' dir='ltr'>Sue</span> <span class='ocrx_word' id='word_1_154' title='bbox 975 1608 1144 1653; x_wconf 64' lang='lat' dir='ltr'>lixo-‚tie</span> <span class='ocrx_word' id='word_1_155' title='bbox 1175 1609 1295 1665; x_wconf 92' lang='lat' dir='ltr'>quod</span> <span class='ocrx_word' id='word_1_156' title='bbox 1323 1608 1409 1665; x_wconf 89' lang='lat' dir='ltr'>ipsi</span> <span class='ocrx_word' id='word_1_157' title='bbox 1441 1608 1607 1666; x_wconf 82' lang='lat' dir='ltr'>Mag.ei</span> <span class='ocrx_word' id='word_1_158' title='bbox 1629 1610 1777 1668; x_wconf 90' lang='lat' dir='ltr'>Jurati</span> <span class='ocrx_word' id='word_1_159' title='bbox 1807 1609 1980 1654; x_wconf 51' lang='lat' dir='ltr'>acersia</span> 
     </span>
     <span class='ocr_line' id='line_1_18' title="bbox 342 1678 1982 1743; baseline -0.001 -11"><span class='ocrx_word' id='word_1_160' title='bbox 342 1696 439 1732; x_wconf 88' lang='lat' dir='ltr'>tum</span> <span class='ocrx_word' id='word_1_161' title='bbox 460 1695 506 1732; x_wconf 87' lang='lat' dir='ltr'>et</span> <span class='ocrx_word' id='word_1_162' title='bbox 527 1694 738 1731; x_wconf 90' lang='lat' dir='ltr'>vocatum</span> <span class='ocrx_word' id='word_1_163' title='bbox 758 1686 946 1730; x_wconf 86' lang='lat' dir='ltr'>mictant</span> <span class='ocrx_word' id='word_1_164' title='bbox 966 1686 1086 1729; x_wconf 92' lang='lat' dir='ltr'>viros</span> <span class='ocrx_word' id='word_1_165' title='bbox 1102 1686 1261 1729; x_wconf 88' lang='lat' dir='ltr'>doctos</span> <span class='ocrx_word' id='word_1_166' title='bbox 1277 1692 1323 1729; x_wconf 90' lang='lat' dir='ltr'>et</span> <span class='ocrx_word' id='word_1_167' title='bbox 1339 1685 1576 1742; x_wconf 86' lang='lat' dir='ltr'>religiosos</span> <span class='ocrx_word' id='word_1_168' title='bbox 1593 1678 1982 1743; x_wconf 61' lang='lat' dir='ltr'>Congregationie&#39;</span> 
     </span>
     <span class='ocr_line' id='line_1_19' title="bbox 341 1762 1979 1822; baseline -0.001 -14"><span class='ocrx_word' id='word_1_169' title='bbox 341 1764 536 1809; x_wconf 86' lang='lat' dir='ltr'>nominis</span> <span class='ocrx_word' id='word_1_170' title='bbox 551 1766 660 1822; x_wconf 92' lang='lat' dir='ltr'>Jhu.</span> <span class='ocrx_word' id='word_1_171' title='bbox 686 1764 743 1807; x_wconf 90' lang='lat' dir='ltr'>ad</span> <span class='ocrx_word' id='word_1_172' title='bbox 764 1765 976 1807; x_wconf 86' lang='lat' dir='ltr'>effectum</span> <span class='ocrx_word' id='word_1_173' title='bbox 998 1763 1054 1806; x_wconf 92' lang='lat' dir='ltr'>de</span> <span class='ocrx_word' id='word_1_174' title='bbox 1076 1777 1166 1818; x_wconf 92' lang='lat' dir='ltr'>quo</span> <span class='ocrx_word' id='word_1_175' title='bbox 1187 1762 1235 1805; x_wconf 93' lang='lat' dir='ltr'>in</span> <span class='ocrx_word' id='word_1_176' title='bbox 1256 1762 1600 1819; x_wconf 83' lang='lat' dir='ltr'>supplicatione,</span> <span class='ocrx_word' id='word_1_177' title='bbox 1625 1769 1672 1806; x_wconf 88' lang='lat' dir='ltr'>et</span> <span class='ocrx_word' id='word_1_178' title='bbox 1688 1763 1783 1808; x_wconf 89' lang='lat' dir='ltr'>Sua</span> <span class='ocrx_word' id='word_1_179' title='bbox 1805 1762 1979 1807; x_wconf 75' lang='lat' dir='ltr'>Exc.tia</span> 
     </span>
     <span class='ocr_line' id='line_1_20' title="bbox 340 1838 1975 1898; baseline 0 -13"><span class='ocrx_word' id='word_1_180' title='bbox 340 1843 598 1898; x_wconf 79' lang='lat' dir='ltr'>interponet</span> <span class='ocrx_word' id='word_1_181' title='bbox 619 1846 770 1896; x_wconf 89' lang='lat' dir='ltr'>partes</span> <span class='ocrx_word' id='word_1_182' title='bbox 791 1854 911 1892; x_wconf 88' lang='lat' dir='ltr'>suas,</span> <span class='ocrx_word' id='word_1_183' title='bbox 937 1846 982 1883; x_wconf 88' lang='lat' dir='ltr'>et</span> <span class='ocrx_word' id='word_1_184' title='bbox 1003 1839 1170 1882; x_wconf 87' lang='lat' dir='ltr'>scribet</span> <span class='ocrx_word' id='word_1_185' title='bbox 1198 1838 1462 1896; x_wconf 86' lang='lat' dir='ltr'>Praeposito</span> <span class='ocrx_word' id='word_1_186' title='bbox 1491 1839 1611 1883; x_wconf 91' lang='lat' dir='ltr'>dicte</span> <span class='ocrx_word' id='word_1_187' title='bbox 1639 1839 1975 1897; x_wconf 83' lang='lat' dir='ltr'>Congregatio-</span> 
     </span>
     <span class='ocr_line' id='line_1_21' title="bbox 341 1909 2028 1973; baseline 0.001 -12"><span class='ocrx_word' id='word_1_188' title='bbox 341 1918 411 1962; x_wconf 88' lang='lat' dir='ltr'>nis</span> <span class='ocrx_word' id='word_1_189' title='bbox 431 1925 482 1960; x_wconf 90' lang='lat' dir='ltr'>vt</span> <span class='ocrx_word' id='word_1_190' title='bbox 510 1917 666 1960; x_wconf 87' lang='lat' dir='ltr'>mictat</span> <span class='ocrx_word' id='word_1_191' title='bbox 692 1916 813 1960; x_wconf 89' lang='lat' dir='ltr'>illico</span> <span class='ocrx_word' id='word_1_192' title='bbox 840 1916 1120 1972; x_wconf 90' lang='lat' dir='ltr'>supradictos</span> <span class='ocrx_word' id='word_1_193' title='bbox 1152 1916 1288 1970; x_wconf 83' lang='lat' dir='ltr'>viros,</span> <span class='ocrx_word' id='word_1_194' title='bbox 1323 1923 1384 1969; x_wconf 86' lang='lat' dir='ltr'>et,</span> <span class='ocrx_word' id='word_1_195' title='bbox 1415 1915 1454 1959; x_wconf 91' lang='lat' dir='ltr'>si</span> <span class='ocrx_word' id='word_1_196' title='bbox 1482 1931 1598 1973; x_wconf 92' lang='lat' dir='ltr'>opus</span> <span class='ocrx_word' id='word_1_197' title='bbox 1624 1916 1776 1970; x_wconf 86' lang='lat' dir='ltr'>fuerit,</span> <span class='ocrx_word' id='word_1_198' title='bbox 1807 1909 1980 1962; x_wconf 64' lang='lat' dir='ltr'>scribet</span> <span class='ocrx_word' id='word_1_199' title='bbox 2025 1950 2028 1954; x_wconf 86' lang='lat'>.</span> 
     </span>
     <span class='ocr_line' id='line_1_22' title="bbox 340 1988 1978 2046; baseline -0.002 -5"><span class='ocrx_word' id='word_1_200' title='bbox 340 1995 476 2041; x_wconf 73' lang='lat' dir='ltr'>etiam</span> <span class='ocrx_word' id='word_1_201' title='bbox 499 1993 852 2039; x_wconf 81' lang='lat' dir='ltr'>SueSanctitati</span> <span class='ocrx_word' id='word_1_202' title='bbox 874 2007 926 2036; x_wconf 93' lang='lat' dir='ltr'>ac</span> <span class='ocrx_word' id='word_1_203' title='bbox 949 1988 1144 2037; x_wconf 86' lang='lat' dir='ltr'>Cesareo</span> <span class='ocrx_word' id='word_1_204' title='bbox 1160 1992 1508 2046; x_wconf 88' lang='lat' dir='ltr'>Ambasciatori,</span> <span class='ocrx_word' id='word_1_205' title='bbox 1528 1995 1671 2038; x_wconf 87' lang='lat' dir='ltr'>Rome</span> <span class='ocrx_word' id='word_1_206' title='bbox 1690 2000 1978 2038; x_wconf 73' lang='lat' dir='ltr'>commoran-</span> 
     </span>
     <span class='ocr_line' id='line_1_23' title="bbox 340 2068 1980 2126; baseline 0 -11"><span class='ocrx_word' id='word_1_207' title='bbox 340 2071 396 2115; x_wconf 88' lang='lat' dir='ltr'>ti:</span> <span class='ocrx_word' id='word_1_208' title='bbox 422 2078 469 2114; x_wconf 92' lang='lat' dir='ltr'>et</span> <span class='ocrx_word' id='word_1_209' title='bbox 495 2072 591 2116; x_wconf 91' lang='lat' dir='ltr'>Sua</span> <span class='ocrx_word' id='word_1_210' title='bbox 611 2068 782 2114; x_wconf 83' lang='lat' dir='ltr'>Exc.tia</span> <span class='ocrx_word' id='word_1_211' title='bbox 803 2071 1037 2126; x_wconf 84' lang='lat' dir='ltr'>approbat,</span> <span class='ocrx_word' id='word_1_212' title='bbox 1067 2070 1237 2124; x_wconf 87' lang='lat' dir='ltr'>laudat,</span> <span class='ocrx_word' id='word_1_213' title='bbox 1269 2076 1315 2113; x_wconf 90' lang='lat' dir='ltr'>et</span> <span class='ocrx_word' id='word_1_214' title='bbox 1342 2071 1522 2113; x_wconf 87' lang='lat' dir='ltr'>rathum</span> <span class='ocrx_word' id='word_1_215' title='bbox 1549 2071 1811 2126; x_wconf 88' lang='lat' dir='ltr'>bonumque</span> <span class='ocrx_word' id='word_1_216' title='bbox 1836 2071 1980 2115; x_wconf 74' lang='lat' dir='ltr'>habet</span> 
     </span>
     <span class='ocr_line' id='line_1_24' title="bbox 340 2147 1978 2204; baseline -0.001 -12"><span class='ocrx_word' id='word_1_217' title='bbox 340 2147 579 2193; x_wconf 87' lang='lat' dir='ltr'>consilium</span> <span class='ocrx_word' id='word_1_218' title='bbox 602 2148 772 2191; x_wconf 88' lang='lat' dir='ltr'>factum</span> <span class='ocrx_word' id='word_1_219' title='bbox 794 2160 874 2203; x_wconf 89' lang='lat' dir='ltr'>per</span> <span class='ocrx_word' id='word_1_220' title='bbox 893 2156 1085 2202; x_wconf 83' lang='lat' dir='ltr'>mag.eos</span> <span class='ocrx_word' id='word_1_221' title='bbox 1109 2149 1292 2204; x_wconf 89' lang='lat' dir='ltr'>Juratos</span> <span class='ocrx_word' id='word_1_222' title='bbox 1324 2161 1427 2189; x_wconf 90' lang='lat' dir='ltr'>cum</span> <span class='ocrx_word' id='word_1_223' title='bbox 1456 2161 1646 2190; x_wconf 89' lang='lat' dir='ltr'>assensu</span> <span class='ocrx_word' id='word_1_224' title='bbox 1673 2154 1720 2191; x_wconf 89' lang='lat' dir='ltr'>et</span> <span class='ocrx_word' id='word_1_225' title='bbox 1746 2157 1978 2203; x_wconf 78' lang='lat' dir='ltr'>consensu</span> 
     </span>
     <span class='ocr_line' id='line_1_25' title="bbox 341 2215 1979 2281; baseline 0 -13"><span class='ocrx_word' id='word_1_226' title='bbox 341 2224 561 2269; x_wconf 86' lang='lat' dir='ltr'>nobilium</span> <span class='ocrx_word' id='word_1_227' title='bbox 583 2238 636 2267; x_wconf 91' lang='grc'>30</span> <span class='ocrx_word' id='word_1_228' title='bbox 658 2223 827 2267; x_wconf 93' lang='lat' dir='ltr'>ciuium</span> <span class='ocrx_word' id='word_1_229' title='bbox 848 2237 983 2279; x_wconf 90' lang='lat' dir='ltr'>super</span> <span class='ocrx_word' id='word_1_230' title='bbox 1003 2223 1241 2267; x_wconf 88' lang='lat' dir='ltr'>vocatione</span> <span class='ocrx_word' id='word_1_231' title='bbox 1267 2223 1490 2267; x_wconf 87' lang='lat' dir='ltr'>dictorum</span> <span class='ocrx_word' id='word_1_232' title='bbox 1517 2223 1733 2278; x_wconf 90' lang='lat' dir='ltr'>virorum,</span> <span class='ocrx_word' id='word_1_233' title='bbox 1765 2230 1812 2268; x_wconf 89' lang='lat' dir='ltr'>et</span> <span class='ocrx_word' id='word_1_234' title='bbox 1837 2215 1979 2281; x_wconf 72' lang='lat' dir='ltr'>super</span> 
     </span>
     <span class='ocr_line' id='line_1_26' title="bbox 339 2290 1977 2356; baseline 0 -11"><span class='ocrx_word' id='word_1_235' title='bbox 339 2300 604 2345; x_wconf 75' lang='lat' dir='ltr'>neceSsariis</span> <span class='ocrx_word' id='word_1_236' title='bbox 626 2300 713 2343; x_wconf 89' lang='lat' dir='ltr'>illis</span> <span class='ocrx_word' id='word_1_237' title='bbox 734 2300 1012 2356; x_wconf 88' lang='lat' dir='ltr'>praestandis</span> <span class='ocrx_word' id='word_1_238' title='bbox 1035 2301 1185 2355; x_wconf 91' lang='lat' dir='ltr'>quoad</span> <span class='ocrx_word' id='word_1_239' title='bbox 1206 2299 1376 2343; x_wconf 85' lang='lat' dir='ltr'>victum</span> <span class='ocrx_word' id='word_1_240' title='bbox 1399 2307 1445 2343; x_wconf 91' lang='lat' dir='ltr'>et</span> <span class='ocrx_word' id='word_1_241' title='bbox 1464 2300 1695 2356; x_wconf 87' lang='lat' dir='ltr'>vestitum,</span> <span class='ocrx_word' id='word_1_242' title='bbox 1719 2290 1905 2345; x_wconf 85' lang='lat' dir='ltr'>domum</span> <span class='ocrx_word' id='word_1_243' title='bbox 1924 2300 1977 2345; x_wconf 87' lang='lat' dir='ltr'>in</span> 
     </span>
     <span class='ocr_line' id='line_1_27' title="bbox 338 2377 1975 2434; baseline 0.001 -14"><span class='ocrx_word' id='word_1_244' title='bbox 338 2391 428 2433; x_wconf 89' lang='lat' dir='ltr'>qua</span> <span class='ocrx_word' id='word_1_245' title='bbox 449 2383 676 2430; x_wconf 88' lang='lat' dir='ltr'>maneant,</span> <span class='ocrx_word' id='word_1_246' title='bbox 703 2383 748 2420; x_wconf 86' lang='lat' dir='ltr'>et</span> <span class='ocrx_word' id='word_1_247' title='bbox 769 2378 917 2431; x_wconf 89' lang='lat' dir='ltr'>quoad</span> <span class='ocrx_word' id='word_1_248' title='bbox 939 2377 1024 2420; x_wconf 88' lang='lat' dir='ltr'>alia</span> <span class='ocrx_word' id='word_1_249' title='bbox 1045 2391 1161 2433; x_wconf 90' lang='lat' dir='ltr'>quae</span> <span class='ocrx_word' id='word_1_250' title='bbox 1182 2392 1264 2433; x_wconf 92' lang='lat' dir='ltr'>pro</span> <span class='ocrx_word' id='word_1_251' title='bbox 1284 2379 1371 2421; x_wconf 92' lang='lat' dir='ltr'>hoc</span> <span class='ocrx_word' id='word_1_252' title='bbox 1393 2379 1559 2421; x_wconf 87' lang='lat' dir='ltr'>effectu</span> <span class='ocrx_word' id='word_1_253' title='bbox 1580 2377 1773 2434; x_wconf 87' lang='lat' dir='ltr'>expendi</span> <span class='ocrx_word' id='word_1_254' title='bbox 1800 2383 1848 2422; x_wconf 83' lang='lat' dir='ltr'>et</span> <span class='ocrx_word' id='word_1_255' title='bbox 1874 2377 1975 2422; x_wconf 61' lang='lat' dir='ltr'>fi&#39;efi</span> 
     </span>
     <span class='ocr_line' id='line_1_28' title="bbox 341 2455 672 2500; baseline -0.012 0"><span class='ocrx_word' id='word_1_256' title='bbox 341 2455 672 2500; x_wconf 74' lang='lat' dir='ltr'>conducentur.</span> 
     </span>
    </p>

    <p class='ocr_par' dir='ltr' id='par_1_6' title="bbox 426 2520 1850 2879">
     <span class='ocr_line' id='line_1_29' title="bbox 1222 2520 1783 2585; baseline 0.004 -11"><span class='ocrx_word' id='word_1_257' title='bbox 1222 2532 1418 2575; x_wconf 84' lang='lat' dir='ltr'><strong>PETRUS</strong></span> <span class='ocrx_word' id='word_1_258' title='bbox 1451 2532 1732 2585; x_wconf 86' lang='lat' dir='ltr'><strong>CARBONUS,</strong></span> <span class='ocrx_word' id='word_1_259' title='bbox 1782 2520 1783 2523; x_wconf 22' lang='lat'>¹</span> 
     </span>
     <span class='ocr_line' id='line_1_30' title="bbox 1094 2607 1828 2652; baseline -0.001 0"><span class='ocrx_word' id='word_1_260' title='bbox 1094 2607 1375 2652; x_wconf 89' lang='lat' dir='ltr'>Secretarius</span> <span class='ocrx_word' id='word_1_261' title='bbox 1396 2614 1442 2651; x_wconf 89' lang='lat' dir='ltr'>et</span> <span class='ocrx_word' id='word_1_262' title='bbox 1464 2607 1828 2652; x_wconf 79' lang='lat' dir='ltr'>Referendarius.</span> 
     </span>
     <span class='ocr_line' id='line_1_31' title="bbox 426 2682 1850 2740; baseline 0.001 -14"><span class='ocrx_word' id='word_1_263' title='bbox 426 2684 494 2726; x_wconf 87' lang='lat' dir='ltr'>Ex</span> <span class='ocrx_word' id='word_1_264' title='bbox 515 2682 726 2739; x_wconf 84' lang='lat' dir='ltr'>Registro</span> <span class='ocrx_word' id='word_1_265' title='bbox 747 2682 1126 2738; x_wconf 86' lang='lat' dir='ltr'>supplicationum</span> <span class='ocrx_word' id='word_1_266' title='bbox 1149 2698 1362 2739; x_wconf 88' lang='lat' dir='ltr'>praesens</span> <span class='ocrx_word' id='word_1_267' title='bbox 1384 2683 1513 2740; x_wconf 86' lang='lat' dir='ltr'>copia</span> <span class='ocrx_word' id='word_1_268' title='bbox 1534 2690 1737 2728; x_wconf 83' lang='lat' dir='ltr'>extracta</span> <span class='ocrx_word' id='word_1_269' title='bbox 1763 2690 1850 2728; x_wconf 76' lang='lat' dir='ltr'>est.</span> 
     </span>
     <span class='ocr_line' id='line_1_32' title="bbox 579 2742 1764 2805; baseline 0.003 -3"><span class='ocrx_word' id='word_1_270' title='bbox 579 2761 775 2803; x_wconf 81' lang='lat' dir='ltr'>PETRUS</span> <span class='ocrx_word' id='word_1_271' title='bbox 808 2760 1085 2804; x_wconf 85' lang='lat' dir='ltr'><strong>CARBONUS.</strong></span> <span class='ocrx_word' id='word_1_272' title='bbox 1279 2742 1286 2749; x_wconf 41' lang='grc'><em>’</em></span> <span class='ocrx_word' id='word_1_273' title='bbox 1334 2761 1466 2804; x_wconf 82' lang='lat' dir='ltr'>COLL</span> <span class='ocrx_word' id='word_1_274' title='bbox 1499 2761 1580 2805; x_wconf 88' lang='lat' dir='ltr'>SA.</span> <span class='ocrx_word' id='word_1_275' title='bbox 1615 2786 1675 2793; x_wconf 91' lang='lat'>—</span> <span class='ocrx_word' id='word_1_276' title='bbox 1704 2785 1764 2794; x_wconf 93' lang='lat'>—</span> 
     </span>
     <span class='ocr_line' id='line_1_33' title="bbox 549 2828 1824 2879; baseline -0.001 0"><span class='ocrx_word' id='word_1_277' title='bbox 549 2836 723 2879; x_wconf 86' lang='lat' dir='ltr'>Secret.</span> <span class='ocrx_word' id='word_1_278' title='bbox 730 2846 777 2870; x_wconf 90' lang='lat' dir='ltr'>us</span> <span class='ocrx_word' id='word_1_279' title='bbox 817 2842 862 2878; x_wconf 89' lang='lat' dir='ltr'>et</span> <span class='ocrx_word' id='word_1_280' title='bbox 905 2837 1053 2879; x_wconf 86' lang='lat' dir='ltr'>Refer.</span> <span class='ocrx_word' id='word_1_281' title='bbox 1061 2847 1106 2871; x_wconf 85' lang='lat' dir='ltr'>us</span> <span class='ocrx_word' id='word_1_282' title='bbox 1159 2829 1162 2830; x_wconf 38' lang='lat'><em>⁷</em></span> <span class='ocrx_word' id='word_1_283' title='bbox 1821 2828 1824 2829; x_wconf 39' lang='lat'><em>⁷</em></span> 
     </span>
    </p>

    <p class='ocr_par' dir='ltr' id='par_1_7' title="bbox 412 2878 1972 2996">
     <span class='ocr_line' id='line_1_34' title="bbox 412 2878 1972 2996; baseline 0.001 -41.017"><span class='ocrx_word' id='word_1_284' title='bbox 412 2913 467 2955; x_wconf 91' lang='lat' dir='ltr'><strong><em>A</em></strong></span> <span class='ocrx_word' id='word_1_285' title='bbox 490 2915 632 2969; x_wconf 79' lang='lat' dir='ltr'>tergo,</span> <span class='ocrx_word' id='word_1_286' title='bbox 654 2926 800 2954; x_wconf 79' lang='lat' dir='ltr'>manu</span> <span class='ocrx_word' id='word_1_287' title='bbox 822 2913 880 2954; x_wconf 90' lang='lat' dir='ltr'>P.</span> <span class='ocrx_word' id='word_1_288' title='bbox 907 2914 1130 2955; x_wconf 79' lang='lat' dir='ltr'>Polanco:</span> <span class='ocrx_word' id='word_1_289' title='bbox 1152 2913 1295 2969; x_wconf 90' lang='lat' dir='ltr'>Copia</span> <span class='ocrx_word' id='word_1_290' title='bbox 1322 2913 1380 2956; x_wconf 91' lang='lat' dir='ltr'>de</span> <span class='ocrx_word' id='word_1_291' title='bbox 1406 2914 1450 2957; x_wconf 90' lang='lat' dir='ltr'>la</span> <span class='ocrx_word' id='word_1_292' title='bbox 1477 2913 1788 2970; x_wconf 89' lang='lat' dir='ltr'>supplicacion</span> <span class='ocrx_word' id='word_1_293' title='bbox 1813 2914 1872 2957; x_wconf 89' lang='lat' dir='ltr'>de</span> <span class='ocrx_word' id='word_1_294' title='bbox 1891 2878 1972 2996; x_wconf 74' lang='grc'>105</span> 
     </span>
    </p>

    <p class='ocr_par' dir='ltr' id='par_1_8' title="bbox 336 2943 1969 3043">
     <span class='ocr_line' id='line_1_35' title="bbox 336 2943 1969 3043; baseline -0.001 -11"><span class='ocrx_word' id='word_1_295' title='bbox 336 2943 398 3032; x_wconf 69' lang='lat' dir='ltr'>de</span> <span class='ocrx_word' id='word_1_296' title='bbox 413 2988 583 3032; x_wconf 87' lang='lat' dir='ltr'>Mici-na</span> <span class='ocrx_word' id='word_1_297' title='bbox 605 2988 647 3031; x_wconf 84' lang='lat' dir='ltr'>al</span> <span class='ocrx_word' id='word_1_298' title='bbox 670 2987 878 3043; x_wconf 90' lang='lat' dir='ltr'>Visorey.</span> <span class='ocrx_word' id='word_1_299' title='bbox 911 2999 1036 3043; x_wconf 84' lang='lat'><em>1547.</em></span> <span class='ocrx_word' id='word_1_300' title='bbox 1919 3001 1922 3004; x_wconf 57' lang='lat'><strong>⁴</strong></span> <span class='ocrx_word' id='word_1_301' title='bbox 1967 3000 1969 3003; x_wconf 83' lang='lat'>·</span> 
     </span>
    </p>
   </div>
   <div class='ocr_carea' id='block_1_6' title="bbox 2050 0 2196 458">
    <p class='ocr_par' dir='ltr' id='par_1_9' title="bbox 2050 0 2196 458">
     <span class='ocr_line' id='line_1_36' title="bbox 2050 0 2196 458; baseline 0 3090"><span class='ocrx_word' id='word_1_302' title='bbox 2050 0 2196 458; x_wconf 95' lang='lat' dir='ltr'> </span> 
     </span>
    </p>
   </div>
   <div class='ocr_carea' id='block_1_7' title="bbox 2078 895 2196 3548">
    <p class='ocr_par' dir='ltr' id='par_1_10' title="bbox 2078 895 2196 3548">
     <span class='ocr_line' id='line_1_37' title="bbox 2078 895 2196 3548; baseline 0 0"><span class='ocrx_word' id='word_1_303' title='bbox 2078 895 2196 3548; x_wconf 95' lang='lat' dir='ltr'> </span> 
     </span>
    </p>
   </div>
  </div>
 </body>
</html>
