<?xml version="1.0" encoding="UTF-8"?>
<!DOCTYPE html PUBLIC "-//W3C//DTD XHTML 1.0 Transitional//EN"
    "http://www.w3.org/TR/xhtml1/DTD/xhtml1-transitional.dtd">
<html xmlns="http://www.w3.org/1999/xhtml" xml:lang="en" lang="en">
 <head>
  <title>
</title>
<meta http-equiv="Content-Type" content="text/html;charset=utf-8" />
  <meta name='ocr-system' content='tesseract 3.04.00' />
  <meta name='ocr-capabilities' content='ocr_page ocr_carea ocr_par ocr_line ocrx_word'/>
</head>
<body>
  <div class='ocr_page' id='page_1' title='image "./epistolaemixtaee01matruoft_0131.png"; bbox 0 0 2196 3548; ppageno 0'>
   <div class='ocr_carea' id='block_1_1' title="bbox 116 2209 364 2268">
    <p class='ocr_par' dir='ltr' id='par_1_1' title="bbox 94 2175 364 2268">
     <span class='ocr_line' id='line_1_1' title="bbox 116 2209 364 2268; baseline 0.007 -1.837"><span class='ocrx_word' id='word_1_1' title='bbox 116 2257 126 2266; x_wconf 82' lang='grc'><strong>,</strong></span> <span class='ocrx_word' id='word_1_2' title='bbox 142 2209 364 2268; x_wconf 77' lang='lat' dir='ltr'><strong>Josa»</strong></span> 
     </span>
    </p>
   </div>
   <div class='ocr_carea' id='block_1_2' title="bbox 0 0 157 3548">
    <p class='ocr_par' dir='ltr' id='par_1_2' title="bbox 0 0 157 3548">
     <span class='ocr_line' id='line_1_2' title="bbox 0 0 157 3548; baseline 0 0"><span class='ocrx_word' id='word_1_3' title='bbox 0 0 157 3548; x_wconf 95' lang='lat' dir='ltr'><strong> </strong></span> 
     </span>
    </p>
   </div>
   <div class='ocr_carea' id='block_1_3' title="bbox 927 239 1849 293">
    <p class='ocr_par' dir='ltr' id='par_1_3' title="bbox 927 239 1849 293">
     <span class='ocr_line' id='line_1_3' title="bbox 927 239 1849 293; baseline 0.008 -17"><span class='ocrx_word' id='word_1_4' title='bbox 927 240 1006 276; x_wconf 80' lang='lat' dir='ltr'><strong>AN.</strong></span> <span class='ocrx_word' id='word_1_5' title='bbox 1039 239 1131 286; x_wconf 86' lang='lat'>1543</span> <span class='ocrx_word' id='word_1_6' title='bbox 1222 262 1226 266; x_wconf 83' lang='lat'><strong>·</strong></span> <span class='ocrx_word' id='word_1_7' title='bbox 1783 255 1849 293; x_wconf 86' lang='lat'><strong>125</strong></span> 
     </span>
    </p>
   </div>
   <div class='ocr_carea' id='block_1_4' title="bbox 72 327 1846 401">
    <p class='ocr_par' dir='ltr' id='par_1_4' title="bbox 72 327 1846 401">
     <span class='ocr_line' id='line_1_4' title="bbox 72 327 1846 401; baseline 0.003 -16"><span class='ocrx_word' id='word_1_8' title='bbox 72 327 126 376; x_wconf 43' lang='lat' dir='ltr'><strong>&#39;f</strong></span> <span class='ocrx_word' id='word_1_9' title='bbox 191 342 261 387; x_wconf 82' lang='lat' dir='ltr'><strong>de</strong></span> <span class='ocrx_word' id='word_1_10' title='bbox 289 341 611 387; x_wconf 86' lang='lat' dir='ltr'><strong>lamentatione</strong></span> <span class='ocrx_word' id='word_1_11' title='bbox 638 341 935 398; x_wconf 89' lang='lat' dir='ltr'><strong>plurimorum</strong></span> <span class='ocrx_word' id='word_1_12' title='bbox 973 349 1019 386; x_wconf 92' lang='lat' dir='ltr'><strong>et</strong></span> <span class='ocrx_word' id='word_1_13' title='bbox 1045 357 1144 395; x_wconf 93' lang='lat' dir='ltr'><strong>sua,</strong></span> <span class='ocrx_word' id='word_1_14' title='bbox 1169 350 1355 400; x_wconf 88' lang='lat' dir='ltr'><strong>propter</strong></span> <span class='ocrx_word' id='word_1_15' title='bbox 1381 344 1553 388; x_wconf 91' lang='lat' dir='ltr'><strong>dictum</strong></span> <span class='ocrx_word' id='word_1_16' title='bbox 1580 346 1846 401; x_wconf 80' lang='lat' dir='ltr'><strong>discessum,</strong></span> 
     </span>
    </p>
   </div>
   <div class='ocr_carea' id='block_1_5' title="bbox 193 417 1853 633">
    <p class='ocr_par' dir='ltr' id='par_1_5' title="bbox 193 417 1853 633">
     <span class='ocr_line' id='line_1_5' title="bbox 193 417 1852 480; baseline 0.002 -16"><span class='ocrx_word' id='word_1_17' title='bbox 193 418 267 464; x_wconf 80' lang='lat' dir='ltr'><strong>ita</strong></span> <span class='ocrx_word' id='word_1_18' title='bbox 300 425 354 464; x_wconf 90' lang='lat' dir='ltr'><strong>ut</strong></span> <span class='ocrx_word' id='word_1_19' title='bbox 394 417 537 463; x_wconf 90' lang='lat' dir='ltr'><strong>uelint</strong></span> <span class='ocrx_word' id='word_1_20' title='bbox 571 418 771 462; x_wconf 90' lang='lat' dir='ltr'><strong>scribere</strong></span> <span class='ocrx_word' id='word_1_21' title='bbox 818 419 940 464; x_wconf 83' lang='lat' dir='ltr'>Suae</span> <span class='ocrx_word' id='word_1_22' title='bbox 969 419 1210 464; x_wconf 89' lang='lat' dir='ltr'><strong>Sanctitati</strong></span> <span class='ocrx_word' id='word_1_23' title='bbox 1233 427 1460 476; x_wconf 91' lang='lat' dir='ltr'><strong>quatenus</strong></span> <span class='ocrx_word' id='word_1_24' title='bbox 1486 421 1609 478; x_wconf 91' lang='lat' dir='ltr'><strong>ipsos</strong></span> <span class='ocrx_word' id='word_1_25' title='bbox 1636 423 1852 480; x_wconf 83' lang='lat' dir='ltr'>dignetur</span> 
     </span>
     <span class='ocr_line' id='line_1_6' title="bbox 200 495 1853 552; baseline 0.002 -11"><span class='ocrx_word' id='word_1_26' title='bbox 200 495 447 549; x_wconf 82' lang='lat' dir='ltr'><strong>remittere,</strong></span> <span class='ocrx_word' id='word_1_27' title='bbox 471 510 613 552; x_wconf 83' lang='lat' dir='ltr'><strong>seque</strong></span> <span class='ocrx_word' id='word_1_28' title='bbox 634 495 726 540; x_wconf 91' lang='lat' dir='ltr'><strong>cito</strong></span> <span class='ocrx_word' id='word_1_29' title='bbox 747 497 954 548; x_wconf 84' lang='lat' dir='ltr'>Romam,</span> <span class='ocrx_word' id='word_1_30' title='bbox 979 495 1142 552; x_wconf 88' lang='lat' dir='ltr'><strong>inquit,</strong></span> <span class='ocrx_word' id='word_1_31' title='bbox 1161 496 1480 542; x_wconf 84' lang='lat' dir='ltr'><strong>discessuram.</strong></span> <span class='ocrx_word' id='word_1_32' title='bbox 1507 501 1751 544; x_wconf 88' lang='lat' dir='ltr'><strong>Praeterea</strong></span> <span class='ocrx_word' id='word_1_33' title='bbox 1766 501 1853 545; x_wconf 85' lang='lat' dir='ltr'><strong>alia</strong></span> 
     </span>
     <span class='ocr_line' id='line_1_7' title="bbox 197 572 1851 633; baseline 0.001 -13"><span class='ocrx_word' id='word_1_34' title='bbox 197 572 400 620; x_wconf 85' lang='lat' dir='ltr'><strong>Domina</strong></span> <span class='ocrx_word' id='word_1_35' title='bbox 425 573 594 618; x_wconf 91' lang='lat' dir='ltr'><strong>deuota</strong></span> <span class='ocrx_word' id='word_1_36' title='bbox 625 572 673 617; x_wconf 93' lang='lat' dir='ltr'><strong>in</strong></span> <span class='ocrx_word' id='word_1_37' title='bbox 700 574 819 631; x_wconf 92' lang='lat' dir='ltr'><strong>Xpo.</strong></span> <span class='ocrx_word' id='word_1_38' title='bbox 859 572 1057 618; x_wconf 91' lang='lat' dir='ltr'><strong>Domino</strong></span> <span class='ocrx_word' id='word_1_39' title='bbox 1093 574 1281 617; x_wconf 90' lang='lat' dir='ltr'><strong>breuem</strong></span> <span class='ocrx_word' id='word_1_40' title='bbox 1318 575 1376 618; x_wconf 92' lang='lat' dir='ltr'><strong>ad</strong></span> <span class='ocrx_word' id='word_1_41' title='bbox 1413 577 1596 619; x_wconf 91' lang='lat' dir='ltr'><strong>Patrem</strong></span> <span class='ocrx_word' id='word_1_42' title='bbox 1626 578 1851 633; x_wconf 85' lang='lat' dir='ltr'><strong>Ignatium</strong></span> 
     </span>
    </p>
   </div>
   <div class='ocr_carea' id='block_1_6' title="bbox 78 630 1854 865">
    <p class='ocr_par' dir='ltr' id='par_1_6' title="bbox 78 630 1854 874">
     <span class='ocr_line' id='line_1_8' title="bbox 78 630 1853 711; baseline 0.001 -14"><span class='ocrx_word' id='word_1_43' title='bbox 78 630 95 646; x_wconf 66' lang='lat'><strong>.÷-</strong></span> <span class='ocrx_word' id='word_1_44' title='bbox 194 649 384 709; x_wconf 73' lang='lat' dir='ltr'><strong>scripsit</strong></span> <span class='ocrx_word' id='word_1_45' title='bbox 403 650 656 709; x_wconf 90' lang='lat' dir='ltr'><strong>epistolam,</strong></span> <span class='ocrx_word' id='word_1_46' title='bbox 682 660 819 708; x_wconf 85' lang='lat' dir='ltr'><strong>quam</strong></span> <span class='ocrx_word' id='word_1_47' title='bbox 841 651 900 695; x_wconf 93' lang='lat' dir='ltr'><strong>ob</strong></span> <span class='ocrx_word' id='word_1_48' title='bbox 922 650 1066 708; x_wconf 89' lang='lat' dir='ltr'><strong>ipsius</strong></span> <span class='ocrx_word' id='word_1_49' title='bbox 1100 651 1417 696; x_wconf 86' lang='lat' dir='ltr'><strong>excellentiam</strong></span> <span class='ocrx_word' id='word_1_50' title='bbox 1447 653 1531 710; x_wconf 91' lang='lat' dir='ltr'><strong>(est</strong></span> <span class='ocrx_word' id='word_1_51' title='bbox 1557 653 1677 696; x_wconf 90' lang='lat' dir='ltr'><strong>enim</strong></span> <span class='ocrx_word' id='word_1_52' title='bbox 1705 655 1853 711; x_wconf 93' lang='lat' dir='ltr'><strong>philo-</strong></span> 
     </span>
     <span class='ocr_line' id='line_1_9' title="bbox 193 728 1854 787; baseline 0.002 -15.766"><span class='ocrx_word' id='word_1_53' title='bbox 193 728 402 787; x_wconf 68' lang='lat' dir='ltr'><strong>sophicis</strong></span> <span class='ocrx_word' id='word_1_54' title='bbox 437 742 492 773; x_wconf 87' lang='lat' dir='ltr'><strong>ac</strong></span> <span class='ocrx_word' id='word_1_55' title='bbox 528 728 799 786; x_wconf 79' lang='lat' dir='ltr'><strong>theologicis</strong></span> <span class='ocrx_word' id='word_1_56' title='bbox 835 728 1059 773; x_wconf 89' lang='lat' dir='ltr'><strong>instructa</strong></span> <span class='ocrx_word' id='word_1_57' title='bbox 1084 728 1240 786; x_wconf 91' lang='lat' dir='ltr'><strong>literis)</strong></span> <span class='ocrx_word' id='word_1_58' title='bbox 1275 728 1351 773; x_wconf 89' lang='lat' dir='ltr'><strong>hic</strong></span> <span class='ocrx_word' id='word_1_59' title='bbox 1378 730 1436 773; x_wconf 92' lang='lat' dir='ltr'><strong>ad</strong></span> <span class='ocrx_word' id='word_1_60' title='bbox 1463 730 1679 774; x_wconf 89' lang='lat' dir='ltr'><strong>maiorem</strong></span> <span class='ocrx_word' id='word_1_61' title='bbox 1703 739 1854 775; x_wconf 90' lang='lat' dir='ltr'><strong>tamen</strong></span> 
     </span>
     <span class='ocr_line' id='line_1_10' title="bbox 197 805 1553 865; baseline 0 -15"><span class='ocrx_word' id='word_1_62' title='bbox 197 805 396 865; x_wconf 83' lang='lat' dir='ltr'><strong>gloriam</strong></span> <span class='ocrx_word' id='word_1_63' title='bbox 415 805 504 851; x_wconf 90' lang='lat' dir='ltr'><strong>Dei</strong></span> <span class='ocrx_word' id='word_1_64' title='bbox 525 812 762 863; x_wconf 90' lang='lat' dir='ltr'><strong>utcunque</strong></span> <span class='ocrx_word' id='word_1_65' title='bbox 783 805 922 850; x_wconf 90' lang='lat' dir='ltr'><strong>latine</strong></span> <span class='ocrx_word' id='word_1_66' title='bbox 944 805 1170 863; x_wconf 85' lang='lat' dir='ltr'><strong>adjiciam:</strong></span> <span class='ocrx_word' id='word_1_67' title='bbox 1191 820 1308 863; x_wconf 90' lang='lat' dir='ltr'><strong>quae</strong></span> <span class='ocrx_word' id='word_1_68' title='bbox 1330 806 1553 863; x_wconf 90' lang='lat' dir='ltr'><strong>sequitur:</strong></span> 
     </span>
    </p>
   </div>
   <div class='ocr_carea' id='block_1_7' title="bbox 299 883 1857 942">
    <p class='ocr_par' dir='ltr' id='par_1_7' title="bbox 299 883 1857 942">
     <span class='ocr_line' id='line_1_11' title="bbox 299 883 1857 942; baseline 0.003 -16"><span class='ocrx_word' id='word_1_69' title='bbox 299 885 416 929; x_wconf 80' lang='lat' dir='ltr'><strong>«Per</strong></span> <span class='ocrx_word' id='word_1_70' title='bbox 437 883 632 942; x_wconf 84' lang='lat' dir='ltr'><strong>gratiam</strong></span> <span class='ocrx_word' id='word_1_71' title='bbox 653 883 838 931; x_wconf 89' lang='lat' dir='ltr'><strong>Domini</strong></span> <span class='ocrx_word' id='word_1_72' title='bbox 860 891 1038 928; x_wconf 89' lang='lat' dir='ltr'><strong>uestras</strong></span> <span class='ocrx_word' id='word_1_73' title='bbox 1059 883 1214 928; x_wconf 85' lang='lat' dir='ltr'><strong>literas</strong></span> <span class='ocrx_word' id='word_1_74' title='bbox 1235 883 1349 938; x_wconf 88' lang='lat' dir='ltr'><strong>uidi,</strong></span> <span class='ocrx_word' id='word_1_75' title='bbox 1375 899 1493 940; x_wconf 92' lang='lat' dir='ltr'><strong>quae</strong></span> <span class='ocrx_word' id='word_1_76' title='bbox 1514 900 1586 929; x_wconf 92' lang='lat' dir='ltr'><strong>me</strong></span> <span class='ocrx_word' id='word_1_77' title='bbox 1607 893 1777 930; x_wconf 88' lang='lat' dir='ltr'><strong>certam</strong></span> <span class='ocrx_word' id='word_1_78' title='bbox 1800 888 1857 931; x_wconf 90' lang='lat' dir='ltr'><strong>de</strong></span> 
     </span>
    </p>
   </div>
   <div class='ocr_carea' id='block_1_8' title="bbox 52 953 1859 1251">
    <p class='ocr_par' dir='ltr' id='par_1_8' title="bbox 52 951 1859 1251">
     <span class='ocr_line' id='line_1_12' title="bbox 52 953 1858 1020; baseline 0.001 -14"><span class='ocrx_word' id='word_1_79' title='bbox 52 953 58 959; x_wconf 43' lang='lat'>⁸</span> <span class='ocrx_word' id='word_1_80' title='bbox 199 961 515 1015; x_wconf 64' lang='lat' dir='ltr'><strong>uestrasalute</strong></span> <span class='ocrx_word' id='word_1_81' title='bbox 530 960 844 1016; x_wconf 89' lang='lat' dir='ltr'><strong>reddiderunt;</strong></span> <span class='ocrx_word' id='word_1_82' title='bbox 863 975 953 1018; x_wconf 90' lang='lat' dir='ltr'><strong>ego</strong></span> <span class='ocrx_word' id='word_1_83' title='bbox 970 975 1081 1005; x_wconf 91' lang='lat' dir='ltr'><strong>uero</strong></span> <span class='ocrx_word' id='word_1_84' title='bbox 1092 961 1225 1018; x_wconf 89' lang='lat' dir='ltr'><strong>pigra</strong></span> <span class='ocrx_word' id='word_1_85' title='bbox 1241 961 1385 1005; x_wconf 92' lang='lat' dir='ltr'><strong>ueluti</strong></span> <span class='ocrx_word' id='word_1_86' title='bbox 1401 968 1448 1005; x_wconf 91' lang='lat' dir='ltr'><strong>et</strong></span> <span class='ocrx_word' id='word_1_87' title='bbox 1464 962 1707 1020; x_wconf 87' lang='lat' dir='ltr'><strong>negligens</strong></span> <span class='ocrx_word' id='word_1_88' title='bbox 1722 978 1858 1007; x_wconf 88' lang='lat' dir='ltr'><strong>num-</strong></span> 
     </span>
     <span class='ocr_line' id='line_1_13' title="bbox 99 1036 1859 1102; baseline 0.001 -19"><span class='ocrx_word' id='word_1_89' title='bbox 99 1036 103 1045; x_wconf 80' lang='grc'><strong>’</strong></span> <span class='ocrx_word' id='word_1_90' title='bbox 123 1093 132 1102; x_wconf 71' lang='lat'><strong><em>„</em></strong></span> <span class='ocrx_word' id='word_1_91' title='bbox 198 1052 344 1097; x_wconf 72' lang='lat' dir='ltr'><strong>quam</strong></span> <span class='ocrx_word' id='word_1_92' title='bbox 363 1037 531 1093; x_wconf 89' lang='lat' dir='ltr'><strong>scribo,</strong></span> <span class='ocrx_word' id='word_1_93' title='bbox 555 1045 747 1096; x_wconf 88' lang='lat' dir='ltr'><strong>excepto</strong></span> <span class='ocrx_word' id='word_1_94' title='bbox 769 1038 892 1095; x_wconf 90' lang='lat' dir='ltr'><strong>quod</strong></span> <span class='ocrx_word' id='word_1_95' title='bbox 912 1037 1150 1096; x_wconf 90' lang='lat' dir='ltr'><strong>epistolam</strong></span> <span class='ocrx_word' id='word_1_96' title='bbox 1173 1039 1401 1095; x_wconf 90' lang='lat' dir='ltr'><strong>quandam</strong></span> <span class='ocrx_word' id='word_1_97' title='bbox 1418 1038 1644 1084; x_wconf 91' lang='lat' dir='ltr'><strong>Dominae</strong></span> <span class='ocrx_word' id='word_1_98' title='bbox 1665 1047 1711 1083; x_wconf 91' lang='lat' dir='ltr'><strong>et</strong></span> <span class='ocrx_word' id='word_1_99' title='bbox 1731 1055 1859 1084; x_wconf 91' lang='lat' dir='ltr'><strong>soro-</strong></span> 
     </span>
     <span class='ocr_line' id='line_1_14' title="bbox 185 1113 1857 1178; baseline -0.001 -16.055"><span class='ocrx_word' id='word_1_100' title='bbox 185 1113 271 1178; x_wconf 35' lang='lat' dir='ltr'><strong>·ris</strong></span> <span class='ocrx_word' id='word_1_101' title='bbox 289 1130 420 1161; x_wconf 88' lang='lat' dir='ltr'><strong>meae</strong></span> <span class='ocrx_word' id='word_1_102' title='bbox 445 1115 494 1160; x_wconf 90' lang='lat' dir='ltr'><strong>in</strong></span> <span class='ocrx_word' id='word_1_103' title='bbox 519 1117 640 1174; x_wconf 92' lang='lat' dir='ltr'><strong>Xpo.</strong></span> <span class='ocrx_word' id='word_1_104' title='bbox 672 1117 816 1161; x_wconf 89' lang='lat' dir='ltr'><strong>Roser</strong></span> <span class='ocrx_word' id='word_1_105' title='bbox 842 1116 983 1160; x_wconf 90' lang='lat' dir='ltr'><strong>semel</strong></span> <span class='ocrx_word' id='word_1_106' title='bbox 1009 1115 1280 1174; x_wconf 86' lang='lat' dir='ltr'><strong>subscripsi,</strong></span> <span class='ocrx_word' id='word_1_107' title='bbox 1311 1131 1394 1174; x_wconf 91' lang='lat' dir='ltr'><strong>per</strong></span> <span class='ocrx_word' id='word_1_108' title='bbox 1421 1131 1557 1173; x_wconf 89' lang='lat' dir='ltr'><strong>quam</strong></span> <span class='ocrx_word' id='word_1_109' title='bbox 1583 1117 1857 1175; x_wconf 85' lang='lat' dir='ltr'><strong>percipietis,</strong></span> 
     </span>
     <span class='ocr_line' id='line_1_15' title="bbox 73 1185 1859 1251; baseline -0.001 -11"><span class='ocrx_word' id='word_1_110' title='bbox 73 1189 122 1243; x_wconf 63' lang='grc' dir='ltr'><strong>·Ῐ,’ῑ’</strong></span> <span class='ocrx_word' id='word_1_111' title='bbox 137 1185 159 1247; x_wconf 8' lang='grc' dir='ltr'><strong>Ἰ,</strong></span> <span class='ocrx_word' id='word_1_112' title='bbox 197 1194 301 1240; x_wconf 83' lang='lat' dir='ltr'><strong>duo</strong></span> <span class='ocrx_word' id='word_1_113' title='bbox 319 1193 427 1240; x_wconf 88' lang='lat' dir='ltr'><strong>licet</strong></span> <span class='ocrx_word' id='word_1_114' title='bbox 446 1193 539 1238; x_wconf 89' lang='lat' dir='ltr'><strong>sint</strong></span> <span class='ocrx_word' id='word_1_115' title='bbox 558 1208 764 1251; x_wconf 89' lang='lat' dir='ltr'><strong>corpora,</strong></span> <span class='ocrx_word' id='word_1_116' title='bbox 789 1208 926 1238; x_wconf 91' lang='lat' dir='ltr'><strong>unam</strong></span> <span class='ocrx_word' id='word_1_117' title='bbox 945 1201 1098 1238; x_wconf 91' lang='lat' dir='ltr'><strong>tamen</strong></span> <span class='ocrx_word' id='word_1_118' title='bbox 1119 1193 1167 1238; x_wconf 93' lang='lat' dir='ltr'><strong>in</strong></span> <span class='ocrx_word' id='word_1_119' title='bbox 1187 1193 1320 1238; x_wconf 90' lang='lat' dir='ltr'><strong>nobis</strong></span> <span class='ocrx_word' id='word_1_120' title='bbox 1336 1193 1383 1237; x_wconf 92' lang='lat' dir='ltr'><strong>in</strong></span> <span class='ocrx_word' id='word_1_121' title='bbox 1405 1195 1643 1238; x_wconf 91' lang='lat' dir='ltr'><strong>uoluntate</strong></span> <span class='ocrx_word' id='word_1_122' title='bbox 1665 1195 1859 1239; x_wconf 90' lang='lat' dir='ltr'><strong>animam</strong></span> 
     </span>
    </p>
   </div>
   <div class='ocr_carea' id='block_1_9' title="bbox 206 1270 1857 1330">
    <p class='ocr_par' dir='ltr' id='par_1_9' title="bbox 206 1270 1857 1330">
     <span class='ocr_line' id='line_1_16' title="bbox 206 1270 1857 1330; baseline -0.001 -11"><span class='ocrx_word' id='word_1_123' title='bbox 206 1285 339 1327; x_wconf 69' lang='lat' dir='ltr'><strong>esse„</strong></span> <span class='ocrx_word' id='word_1_124' title='bbox 358 1270 584 1330; x_wconf 89' lang='lat' dir='ltr'><strong>siquidem</strong></span> <span class='ocrx_word' id='word_1_125' title='bbox 619 1270 770 1315; x_wconf 89' lang='lat' dir='ltr'><strong>anima</strong></span> <span class='ocrx_word' id='word_1_126' title='bbox 796 1270 950 1328; x_wconf 92' lang='lat' dir='ltr'><strong>potius</strong></span> <span class='ocrx_word' id='word_1_127' title='bbox 977 1277 1048 1315; x_wconf 91' lang='lat' dir='ltr'><strong>est</strong></span> <span class='ocrx_word' id='word_1_128' title='bbox 1074 1271 1152 1315; x_wconf 93' lang='lat' dir='ltr'><strong>ubi</strong></span> <span class='ocrx_word' id='word_1_129' title='bbox 1180 1279 1323 1325; x_wconf 90' lang='lat' dir='ltr'><strong>amat,</strong></span> <span class='ocrx_word' id='word_1_130' title='bbox 1356 1286 1494 1328; x_wconf 90' lang='lat' dir='ltr'><strong>quam</strong></span> <span class='ocrx_word' id='word_1_131' title='bbox 1522 1271 1602 1315; x_wconf 94' lang='lat' dir='ltr'><strong>ubi</strong></span> <span class='ocrx_word' id='word_1_132' title='bbox 1628 1272 1857 1317; x_wconf 86' lang='lat' dir='ltr'><strong>informat:</strong></span> 
     </span>
    </p>
   </div>
   <div class='ocr_carea' id='block_1_10' title="bbox 123 1347 1863 1492">
    <p class='ocr_par' dir='ltr' id='par_1_10' title="bbox 79 1335 1863 1492">
     <span class='ocr_line' id='line_1_17' title="bbox 199 1347 1861 1408; baseline -0.002 -12.18"><span class='ocrx_word' id='word_1_133' title='bbox 199 1347 364 1408; x_wconf 80' lang='lat' dir='ltr'><strong>itaque</strong></span> <span class='ocrx_word' id='word_1_134' title='bbox 389 1363 543 1394; x_wconf 88' lang='lat' dir='ltr'><strong>assero</strong></span> <span class='ocrx_word' id='word_1_135' title='bbox 572 1363 646 1392; x_wconf 90' lang='lat' dir='ltr'><strong>me</strong></span> <span class='ocrx_word' id='word_1_136' title='bbox 672 1348 827 1393; x_wconf 92' lang='lat' dir='ltr'><strong>divino</strong></span> <span class='ocrx_word' id='word_1_137' title='bbox 849 1349 969 1393; x_wconf 89' lang='lat' dir='ltr'><strong>uelle</strong></span> <span class='ocrx_word' id='word_1_138' title='bbox 990 1348 1175 1404; x_wconf 88' lang='lat' dir='ltr'><strong>auxilio,</strong></span> <span class='ocrx_word' id='word_1_139' title='bbox 1200 1363 1318 1406; x_wconf 88' lang='lat' dir='ltr'><strong>quae</strong></span> <span class='ocrx_word' id='word_1_140' title='bbox 1333 1349 1430 1406; x_wconf 87' lang='lat' dir='ltr'><strong>jam</strong></span> <span class='ocrx_word' id='word_1_141' title='bbox 1451 1349 1597 1407; x_wconf 90' lang='lat' dir='ltr'><strong>coepi,</strong></span> <span class='ocrx_word' id='word_1_142' title='bbox 1622 1349 1670 1393; x_wconf 91' lang='lat' dir='ltr'><strong>in</strong></span> <span class='ocrx_word' id='word_1_143' title='bbox 1691 1349 1861 1394; x_wconf 89' lang='lat' dir='ltr'><strong>eisdem</strong></span> 
     </span>
     <span class='ocr_line' id='line_1_18' title="bbox 123 1426 1863 1492; baseline -0.001 -20.025"><span class='ocrx_word' id='word_1_144' title='bbox 123 1476 127 1478; x_wconf 66' lang='grc'>,</span> <span class='ocrx_word' id='word_1_145' title='bbox 208 1427 330 1492; x_wconf 82' lang='lat' dir='ltr'><strong>ultra</strong></span> <span class='ocrx_word' id='word_1_146' title='bbox 348 1426 580 1486; x_wconf 83' lang='lat' dir='ltr'><strong>progredi,</strong></span> <span class='ocrx_word' id='word_1_147' title='bbox 604 1426 643 1471; x_wconf 91' lang='lat' dir='ltr'><strong>si</strong></span> <span class='ocrx_word' id='word_1_148' title='bbox 663 1429 764 1471; x_wconf 92' lang='lat' dir='ltr'><strong>Deo</strong></span> <span class='ocrx_word' id='word_1_149' title='bbox 784 1428 873 1471; x_wconf 93' lang='lat' dir='ltr'><strong>hoc</strong></span> <span class='ocrx_word' id='word_1_150' title='bbox 894 1434 1076 1485; x_wconf 89' lang='lat' dir='ltr'><strong>gratum</strong></span> <span class='ocrx_word' id='word_1_151' title='bbox 1093 1433 1179 1472; x_wconf 87' lang='lat' dir='ltr'><strong>est.</strong></span> <span class='ocrx_word' id='word_1_152' title='bbox 1201 1427 1347 1472; x_wconf 85' lang='lat' dir='ltr'><strong>Valde</strong></span> <span class='ocrx_word' id='word_1_153' title='bbox 1364 1427 1575 1484; x_wconf 88' lang='lat' dir='ltr'><strong>equidem</strong></span> <span class='ocrx_word' id='word_1_154' title='bbox 1592 1435 1774 1471; x_wconf 88' lang='lat' dir='ltr'><strong>uestrae</strong></span> <span class='ocrx_word' id='word_1_155' title='bbox 1790 1443 1863 1471; x_wconf 90' lang='lat' dir='ltr'><strong>me</strong></span> 
     </span>
    </p>
   </div>
   <div class='ocr_carea' id='block_1_11' title="bbox 198 1503 1859 1563">
    <p class='ocr_par' dir='ltr' id='par_1_11' title="bbox 198 1503 1859 1563">
     <span class='ocr_line' id='line_1_19' title="bbox 198 1503 1859 1563; baseline -0.001 -13"><span class='ocrx_word' id='word_1_156' title='bbox 198 1503 366 1550; x_wconf 71' lang='lat' dir='ltr'><strong>literae</strong></span> <span class='ocrx_word' id='word_1_157' title='bbox 385 1505 689 1560; x_wconf 83' lang='lat' dir='ltr'><strong>delectarunt,</strong></span> <span class='ocrx_word' id='word_1_158' title='bbox 714 1505 882 1561; x_wconf 91' lang='lat' dir='ltr'><strong>quibus</strong></span> <span class='ocrx_word' id='word_1_159' title='bbox 898 1512 944 1550; x_wconf 90' lang='lat' dir='ltr'><strong>et</strong></span> <span class='ocrx_word' id='word_1_160' title='bbox 961 1511 1178 1558; x_wconf 89' lang='lat' dir='ltr'><strong>uestram,</strong></span> <span class='ocrx_word' id='word_1_161' title='bbox 1203 1504 1243 1550; x_wconf 90' lang='lat' dir='ltr'><strong>si</strong></span> <span class='ocrx_word' id='word_1_162' title='bbox 1261 1519 1352 1548; x_wconf 90' lang='lat' dir='ltr'><strong>una</strong></span> <span class='ocrx_word' id='word_1_163' title='bbox 1367 1504 1487 1549; x_wconf 91' lang='lat' dir='ltr'><strong>istuc</strong></span> <span class='ocrx_word' id='word_1_164' title='bbox 1502 1504 1859 1563; x_wconf 89' lang='lat' dir='ltr'><strong>proficiscamur,</strong></span> 
     </span>
    </p>
   </div>
   <div class='ocr_carea' id='block_1_12' title="bbox 209 1581 1864 1641">
    <p class='ocr_par' dir='ltr' id='par_1_12' title="bbox 76 1557 1864 1646">
     <span class='ocr_line' id='line_1_20' title="bbox 209 1581 1864 1641; baseline 0.001 -15.926"><span class='ocrx_word' id='word_1_165' title='bbox 209 1594 365 1641; x_wconf 80' lang='lat' dir='ltr'><strong>parem</strong></span> <span class='ocrx_word' id='word_1_166' title='bbox 398 1582 618 1628; x_wconf 88' lang='lat' dir='ltr'><strong>laetitiam</strong></span> <span class='ocrx_word' id='word_1_167' title='bbox 645 1581 907 1636; x_wconf 88' lang='lat' dir='ltr'><strong>ostenditis,</strong></span> <span class='ocrx_word' id='word_1_168' title='bbox 939 1583 1063 1639; x_wconf 90' lang='lat' dir='ltr'><strong>quod</strong></span> <span class='ocrx_word' id='word_1_169' title='bbox 1089 1582 1300 1627; x_wconf 88' lang='lat' dir='ltr'><strong>existimo</strong></span> <span class='ocrx_word' id='word_1_170' title='bbox 1323 1582 1659 1640; x_wconf 91' lang='lat' dir='ltr'><strong>quamprimum</strong></span> <span class='ocrx_word' id='word_1_171' title='bbox 1689 1584 1800 1637; x_wconf 88' lang='lat' dir='ltr'><strong>fore,</strong></span> <span class='ocrx_word' id='word_1_172' title='bbox 1826 1583 1864 1626; x_wconf 90' lang='lat' dir='ltr'><strong>si</strong></span> 
     </span>
    </p>
   </div>
   <div class='ocr_carea' id='block_1_13' title="bbox 202 1659 1865 1718">
    <p class='ocr_par' dir='ltr' id='par_1_13' title="bbox 202 1659 1865 1718">
     <span class='ocr_line' id='line_1_21' title="bbox 202 1659 1865 1718; baseline -0.001 -12"><span class='ocrx_word' id='word_1_173' title='bbox 202 1659 436 1707; x_wconf 87' lang='lat' dir='ltr'><strong>Dominus</strong></span> <span class='ocrx_word' id='word_1_174' title='bbox 456 1660 650 1705; x_wconf 89' lang='lat' dir='ltr'><strong>salutem</strong></span> <span class='ocrx_word' id='word_1_175' title='bbox 671 1659 804 1704; x_wconf 90' lang='lat' dir='ltr'><strong>nobis</strong></span> <span class='ocrx_word' id='word_1_176' title='bbox 824 1660 1124 1718; x_wconf 89' lang='lat' dir='ltr'><strong>impartietur,</strong></span> <span class='ocrx_word' id='word_1_177' title='bbox 1149 1660 1288 1717; x_wconf 90' lang='lat' dir='ltr'><strong>idque</strong></span> <span class='ocrx_word' id='word_1_178' title='bbox 1308 1675 1415 1705; x_wconf 90' lang='lat' dir='ltr'><strong>cum</strong></span> <span class='ocrx_word' id='word_1_179' title='bbox 1437 1660 1537 1705; x_wconf 91' lang='lat' dir='ltr'><strong>uiro</strong></span> <span class='ocrx_word' id='word_1_180' title='bbox 1559 1662 1752 1706; x_wconf 90' lang='lat' dir='ltr'><strong>Vestrae</strong></span> <span class='ocrx_word' id='word_1_181' title='bbox 1774 1663 1865 1706; x_wconf 90' lang='lat' dir='ltr'><strong>Pa-</strong></span> 
     </span>
    </p>
   </div>
   <div class='ocr_carea' id='block_1_14' title="bbox 86 1719 1868 2110">
    <p class='ocr_par' dir='ltr' id='par_1_14' title="bbox 78 1719 1868 2111">
     <span class='ocr_line' id='line_1_22' title="bbox 107 1719 1866 1799; baseline -0.002 -14.065"><span class='ocrx_word' id='word_1_182' title='bbox 78 1719 125 1800; x_wconf 48' lang='grc' dir='ltr'><strong>ῘἸ,</strong></span> <span class='ocrx_word' id='word_1_183' title='bbox 204 1737 438 1791; x_wconf 64' lang='lat' dir='ltr'><strong>tenuitatis</strong></span> <span class='ocrx_word' id='word_1_184' title='bbox 458 1739 572 1783; x_wconf 91' lang='lat' dir='ltr'><strong>adeo</strong></span> <span class='ocrx_word' id='word_1_185' title='bbox 592 1738 762 1782; x_wconf 90' lang='lat' dir='ltr'><strong>deuoto</strong></span> <span class='ocrx_word' id='word_1_186' title='bbox 790 1738 1050 1795; x_wconf 90' lang='lat' dir='ltr'><strong>continget,</strong></span> <span class='ocrx_word' id='word_1_187' title='bbox 1075 1738 1264 1795; x_wconf 88' lang='lat' dir='ltr'><strong>jamque</strong></span> <span class='ocrx_word' id='word_1_188' title='bbox 1285 1753 1313 1799; x_wconf 88' lang='lat' dir='ltr'><strong>a</strong></span> <span class='ocrx_word' id='word_1_189' title='bbox 1334 1737 1597 1782; x_wconf 90' lang='lat' dir='ltr'><strong>Licenciato</strong></span> <span class='ocrx_word' id='word_1_190' title='bbox 1619 1739 1771 1782; x_wconf 90' lang='lat' dir='ltr'><strong>Araoz</strong></span> <span class='ocrx_word' id='word_1_191' title='bbox 1794 1737 1866 1781; x_wconf 90' lang='lat' dir='ltr'><strong>in-</strong></span> 
     </span>
     <span class='ocr_line' id='line_1_23' title="bbox 86 1806 1868 1874; baseline -0.003 -10"><span class='ocrx_word' id='word_1_192' title='bbox 86 1806 134 1873; x_wconf 56' lang='grc' dir='ltr'><strong>* </strong></span> <span class='ocrx_word' id='word_1_193' title='bbox 205 1823 405 1870; x_wconf 74' lang='lat' dir='ltr'><strong>structo,</strong></span> <span class='ocrx_word' id='word_1_194' title='bbox 429 1815 508 1874; x_wconf 89' lang='lat' dir='ltr'><strong>qui</strong></span> <span class='ocrx_word' id='word_1_195' title='bbox 533 1820 582 1860; x_wconf 84' lang='lat' dir='ltr'><strong>et</strong></span> <span class='ocrx_word' id='word_1_196' title='bbox 606 1818 780 1861; x_wconf 90' lang='lat' dir='ltr'><strong>Doctor</strong></span> <span class='ocrx_word' id='word_1_197' title='bbox 808 1815 927 1860; x_wconf 89' lang='lat' dir='ltr'><strong>idem</strong></span> <span class='ocrx_word' id='word_1_198' title='bbox 955 1822 1009 1861; x_wconf 86' lang='lat' dir='ltr'><strong>ac</strong></span> <span class='ocrx_word' id='word_1_199' title='bbox 1036 1817 1095 1860; x_wconf 94' lang='lat' dir='ltr'><strong>de</strong></span> <span class='ocrx_word' id='word_1_200' title='bbox 1121 1815 1264 1860; x_wconf 90' lang='lat' dir='ltr'><strong>literis</strong></span> <span class='ocrx_word' id='word_1_201' title='bbox 1290 1815 1600 1860; x_wconf 89' lang='lat' dir='ltr'><strong>benemeritus</strong></span> <span class='ocrx_word' id='word_1_202' title='bbox 1627 1823 1712 1860; x_wconf 90' lang='lat' dir='ltr'><strong>est.</strong></span> <span class='ocrx_word' id='word_1_203' title='bbox 1749 1817 1868 1860; x_wconf 90' lang='lat' dir='ltr'><strong>Nolo</strong></span> 
     </span>
     <span class='ocr_line' id='line_1_24' title="bbox 95 1890 1867 1954; baseline -0.002 -15.015"><span class='ocrx_word' id='word_1_204' title='bbox 95 1890 138 1953; x_wconf 64' lang='grc' dir='ltr'><strong>ιζ</strong></span> <span class='ocrx_word' id='word_1_205' title='bbox 205 1894 346 1954; x_wconf 81' lang='lat' dir='ltr'><strong>plura</strong></span> <span class='ocrx_word' id='word_1_206' title='bbox 364 1894 538 1948; x_wconf 88' lang='lat' dir='ltr'><strong>dicere,</strong></span> <span class='ocrx_word' id='word_1_207' title='bbox 562 1895 747 1952; x_wconf 89' lang='lat' dir='ltr'><strong>dempto</strong></span> <span class='ocrx_word' id='word_1_208' title='bbox 778 1893 1006 1948; x_wconf 89' lang='lat' dir='ltr'><strong>uidelicet,</strong></span> <span class='ocrx_word' id='word_1_209' title='bbox 1031 1909 1104 1938; x_wconf 92' lang='lat' dir='ltr'><strong>me</strong></span> <span class='ocrx_word' id='word_1_210' title='bbox 1131 1894 1254 1938; x_wconf 91' lang='lat' dir='ltr'><strong>nolle</strong></span> <span class='ocrx_word' id='word_1_211' title='bbox 1281 1895 1404 1951; x_wconf 92' lang='lat' dir='ltr'><strong>quod</strong></span> <span class='ocrx_word' id='word_1_212' title='bbox 1425 1893 1634 1945; x_wconf 89' lang='lat' dir='ltr'><strong>desidero</strong></span> <span class='ocrx_word' id='word_1_213' title='bbox 1655 1895 1867 1938; x_wconf 87' lang='lat' dir='ltr'><strong>Vestram</strong></span> 
     </span>
     <span class='ocr_line' id='line_1_25' title="bbox 91 1968 1868 2030; baseline -0.002 -12"><span class='ocrx_word' id='word_1_214' title='bbox 91 1968 130 2029; x_wconf 47' lang='lat' dir='ltr'><strong>,s</strong></span> <span class='ocrx_word' id='word_1_215' title='bbox 206 1971 372 2019; x_wconf 78' lang='lat' dir='ltr'><strong>uidere</strong></span> <span class='ocrx_word' id='word_1_216' title='bbox 413 1972 732 2019; x_wconf 89' lang='lat' dir='ltr'><strong>Reuerentiam</strong></span> <span class='ocrx_word' id='word_1_217' title='bbox 775 1972 999 2030; x_wconf 90' lang='lat' dir='ltr'><strong>scriptura</strong></span> <span class='ocrx_word' id='word_1_218' title='bbox 1040 1973 1254 2017; x_wconf 76' lang='lat' dir='ltr'><strong>ostende·-</strong></span> <span class='ocrx_word' id='word_1_219' title='bbox 1256 1987 1313 2027; x_wconf 88' lang='lat' dir='ltr'><strong>e,</strong></span> <span class='ocrx_word' id='word_1_220' title='bbox 1352 1973 1434 2016; x_wconf 91' lang='lat' dir='ltr'><strong>sed</strong></span> <span class='ocrx_word' id='word_1_221' title='bbox 1467 1972 1516 2015; x_wconf 91' lang='lat' dir='ltr'><strong>in</strong></span> <span class='ocrx_word' id='word_1_222' title='bbox 1558 1971 1868 2016; x_wconf 90' lang='lat' dir='ltr'><strong>testimonium</strong></span> 
     </span>
     <span class='ocr_line' id='line_1_26' title="bbox 205 2049 777 2110; baseline -0.006 -8.665"><span class='ocrx_word' id='word_1_223' title='bbox 205 2060 353 2110; x_wconf 66' lang='lat' dir='ltr'><strong>&lt;opera</strong></span> <span class='ocrx_word' id='word_1_224' title='bbox 372 2049 472 2110; x_wconf 88' lang='lat' dir='ltr'><strong>ipsa</strong></span> <span class='ocrx_word' id='word_1_225' title='bbox 490 2058 737 2110; x_wconf 88' lang='lat' dir='ltr'><strong>praestare.</strong></span> <span class='ocrx_word' id='word_1_226' title='bbox 774 2095 777 2098; x_wconf 78' lang='grc'>,</span> 
     </span>
    </p>
   </div>
   <div class='ocr_carea' id='block_1_15' title="bbox 303 2128 1869 2183">
    <p class='ocr_par' dir='ltr' id='par_1_15' title="bbox 303 2128 1869 2183">
     <span class='ocr_line' id='line_1_27' title="bbox 303 2128 1869 2183; baseline -0.003 -7"><span class='ocrx_word' id='word_1_227' title='bbox 303 2129 555 2176; x_wconf 82' lang='lat' dir='ltr'><strong>Osculatur</strong></span> <span class='ocrx_word' id='word_1_228' title='bbox 590 2143 753 2180; x_wconf 87' lang='lat' dir='ltr'><strong>manus</strong></span> <span class='ocrx_word' id='word_1_229' title='bbox 790 2128 1086 2174; x_wconf 88' lang='lat' dir='ltr'><strong>Paternitatis</strong></span> <span class='ocrx_word' id='word_1_230' title='bbox 1123 2130 1390 2183; x_wconf 83' lang='lat' dir='ltr'><strong>Vestrae‚=-</strong></span> <span class='ocrx_word' id='word_1_231' title='bbox 1405 2130 1546 2175; x_wconf 89' lang='lat' dir='ltr'><strong>Soror</strong></span> <span class='ocrx_word' id='word_1_232' title='bbox 1583 2129 1775 2172; x_wconf 91' lang='lat' dir='ltr'><strong>Isabella</strong></span> <span class='ocrx_word' id='word_1_233' title='bbox 1811 2129 1869 2172; x_wconf 93' lang='lat' dir='ltr'><strong>de</strong></span> 
     </span>
    </p>
   </div>
   <div class='ocr_carea' id='block_1_16' title="bbox 304 2283 1869 2344">
    <p class='ocr_par' dir='ltr' id='par_1_16' title="bbox 304 2283 1869 2344">
     <span class='ocr_line' id='line_1_28' title="bbox 304 2283 1869 2344; baseline -0.003 -14"><span class='ocrx_word' id='word_1_234' title='bbox 304 2285 418 2330; x_wconf 88' lang='lat' dir='ltr'><strong>Item</strong></span> <span class='ocrx_word' id='word_1_235' title='bbox 439 2284 662 2343; x_wconf 88' lang='lat' dir='ltr'><strong>Magister</strong></span> <span class='ocrx_word' id='word_1_236' title='bbox 676 2285 807 2344; x_wconf 88' lang='lat' dir='ltr'><strong>Jaius</strong></span> <span class='ocrx_word' id='word_1_237' title='bbox 835 2284 1086 2330; x_wconf 87' lang='lat' dir='ltr'><strong>Ratisbona</strong></span> <span class='ocrx_word' id='word_1_238' title='bbox 1105 2284 1263 2330; x_wconf 90' lang='lat' dir='ltr'><strong>scribit</strong></span> <span class='ocrx_word' id='word_1_239' title='bbox 1286 2299 1328 2341; x_wconf 85' lang='lat'><strong>3.</strong></span> <span class='ocrx_word' id='word_1_240' title='bbox 1334 2284 1420 2329; x_wconf 94' lang='lat' dir='ltr'>F</span> <span class='ocrx_word' id='word_1_241' title='bbox 1422 2284 1622 2329; x_wconf 87' lang='lat' dir='ltr'><strong>ebruarn</strong></span> <span class='ocrx_word' id='word_1_242' title='bbox 1644 2284 1702 2328; x_wconf 92' lang='lat' dir='ltr'><strong>de</strong></span> <span class='ocrx_word' id='word_1_243' title='bbox 1723 2283 1869 2327; x_wconf 85' lang='lat' dir='ltr'><strong>anim·</strong></span> 
     </span>
    </p>
   </div>
   <div class='ocr_carea' id='block_1_17' title="bbox 90 2361 1874 3050">
    <p class='ocr_par' dir='ltr' id='par_1_17' title="bbox 88 2347 1874 3050">
     <span class='ocr_line' id='line_1_29' title="bbox 212 2361 1871 2420; baseline -0.001 -14.139"><span class='ocrx_word' id='word_1_244' title='bbox 212 2362 521 2416; x_wconf 66' lang='lat' dir='ltr'><strong>aduersione</strong></span> <span class='ocrx_word' id='word_1_245' title='bbox 509 2378 558 2408; x_wconf 88' lang='lat' dir='ltr'><strong>m</strong></span> <span class='ocrx_word' id='word_1_246' title='bbox 578 2362 770 2420; x_wconf 88' lang='lat' dir='ltr'><strong>aliquos,</strong></span> <span class='ocrx_word' id='word_1_247' title='bbox 801 2362 880 2420; x_wconf 89' lang='lat' dir='ltr'><strong>qui</strong></span> <span class='ocrx_word' id='word_1_248' title='bbox 901 2362 1229 2408; x_wconf 91' lang='lat' dir='ltr'><strong>lutheranismo</strong></span> <span class='ocrx_word' id='word_1_249' title='bbox 1258 2363 1498 2417; x_wconf 80' lang='lat' dir='ltr'><strong>faueban&#39;t,</strong></span> <span class='ocrx_word' id='word_1_250' title='bbox 1530 2369 1582 2406; x_wconf 91' lang='lat' dir='ltr'><strong>ut</strong></span> <span class='ocrx_word' id='word_1_251' title='bbox 1608 2361 1762 2406; x_wconf 88' lang='lat' dir='ltr'><strong>nullus</strong></span> <span class='ocrx_word' id='word_1_252' title='bbox 1784 2361 1871 2420; x_wconf 84' lang='lat' dir='ltr'><strong>(in-</strong></span> 
     </span>
     <span class='ocr_line' id='line_1_30' title="bbox 92 2431 1871 2500; baseline -0.002 -14"><span class='ocrx_word' id='word_1_253' title='bbox 92 2428 150 2502; x_wconf 35' lang='lat' dir='ltr'><strong>&#39;‘Jf</strong></span> <span class='ocrx_word' id='word_1_254' title='bbox 210 2439 333 2500; x_wconf 74' lang='lat' dir='ltr'><strong>quit)</strong></span> <span class='ocrx_word' id='word_1_255' title='bbox 352 2439 440 2486; x_wconf 87' lang='lat' dir='ltr'><strong>nisi</strong></span> <span class='ocrx_word' id='word_1_256' title='bbox 460 2454 627 2487; x_wconf 78' lang='lat' dir='ltr'><strong>caecus</strong></span> <span class='ocrx_word' id='word_1_257' title='bbox 647 2447 695 2485; x_wconf 92' lang='lat' dir='ltr'><strong>et</strong></span> <span class='ocrx_word' id='word_1_258' title='bbox 719 2440 932 2485; x_wconf 90' lang='lat' dir='ltr'><strong>indurato</strong></span> <span class='ocrx_word' id='word_1_259' title='bbox 958 2442 1096 2486; x_wconf 91' lang='lat' dir='ltr'><strong>corde</strong></span> <span class='ocrx_word' id='word_1_260' title='bbox 1123 2456 1216 2486; x_wconf 93' lang='lat' dir='ltr'><strong>non</strong></span> <span class='ocrx_word' id='word_1_261' title='bbox 1244 2440 1396 2485; x_wconf 88' lang='lat' dir='ltr'><strong>videat</strong></span> <span class='ocrx_word' id='word_1_262' title='bbox 1422 2439 1624 2484; x_wconf 90' lang='lat' dir='ltr'><strong>diuinam</strong></span> <span class='ocrx_word' id='word_1_263' title='bbox 1651 2439 1871 2483; x_wconf 91' lang='lat' dir='ltr'><strong>ultionem</strong></span> 
     </span>
     <span class='ocr_line' id='line_1_31' title="bbox 209 2588 1872 2655; baseline -0.003 -12.31"><span class='ocrx_word' id='word_1_264' title='bbox 209 2595 414 2655; x_wconf 71' lang='lat' dir='ltr'><strong>«contigit</strong></span> <span class='ocrx_word' id='word_1_265' title='bbox 437 2597 620 2642; x_wconf 91' lang='lat' dir='ltr'><strong>duobus</strong></span> <span class='ocrx_word' id='word_1_266' title='bbox 646 2597 786 2654; x_wconf 90' lang='lat' dir='ltr'><strong>hujus</strong></span> <span class='ocrx_word' id='word_1_267' title='bbox 814 2597 986 2642; x_wconf 88' lang='lat' dir='ltr'><strong>farinae</strong></span> <span class='ocrx_word' id='word_1_268' title='bbox 1012 2595 1270 2655; x_wconf 87' lang='lat' dir='ltr'><strong>sedifragis.</strong></span> <span class='ocrx_word' id='word_1_269' title='bbox 1301 2598 1475 2642; x_wconf 89' lang='lat' dir='ltr'><strong>Doctor</strong></span> <span class='ocrx_word' id='word_1_270' title='bbox 1502 2588 1686 2652; x_wconf 82' lang='lat' dir='ltr'><strong>quidam</strong></span> <span class='ocrx_word' id='word_1_271' title='bbox 1709 2609 1872 2638; x_wconf 87' lang='lat' dir='ltr'><strong>saecu--</strong></span> 
     </span>
     <span class='ocr_line' id='line_1_32' title="bbox 209 2673 1863 2734; baseline -0.002 -15.256"><span class='ocrx_word' id='word_1_272' title='bbox 209 2673 342 2731; x_wconf 73' lang='lat' dir='ltr'><strong>laris,</strong></span> <span class='ocrx_word' id='word_1_273' title='bbox 364 2674 444 2732; x_wconf 90' lang='lat' dir='ltr'><strong>qui</strong></span> <span class='ocrx_word' id='word_1_274' title='bbox 464 2674 637 2733; x_wconf 88' lang='lat' dir='ltr'><strong>primus</strong></span> <span class='ocrx_word' id='word_1_275' title='bbox 658 2675 776 2720; x_wconf 92' lang='lat' dir='ltr'><strong>inter</strong></span> <span class='ocrx_word' id='word_1_276' title='bbox 796 2682 1002 2726; x_wconf 84' lang='lat' dir='ltr'><strong>caeteros</strong></span> <span class='ocrx_word' id='word_1_277' title='bbox 1022 2689 1180 2719; x_wconf 90' lang='lat' dir='ltr'><strong>mense</strong></span> <span class='ocrx_word' id='word_1_278' title='bbox 1196 2674 1320 2734; x_wconf 90' lang='lat' dir='ltr'><strong>Julio</strong></span> <span class='ocrx_word' id='word_1_279' title='bbox 1346 2674 1574 2719; x_wconf 89' lang='lat' dir='ltr'><strong>institerat</strong></span> <span class='ocrx_word' id='word_1_280' title='bbox 1595 2673 1717 2730; x_wconf 92' lang='lat' dir='ltr'><strong>apud</strong></span> <span class='ocrx_word' id='word_1_281' title='bbox 1738 2686 1863 2716; x_wconf 86' lang='lat' dir='ltr'><strong>sena—</strong></span> 
     </span>
     <span class='ocr_line' id='line_1_33' title="bbox 211 2750 1869 2812; baseline -0.002 -14.253"><span class='ocrx_word' id='word_1_282' title='bbox 211 2758 318 2799; x_wconf 73' lang='lat' dir='ltr'><strong>tum</strong></span> <span class='ocrx_word' id='word_1_283' title='bbox 351 2767 436 2812; x_wconf 90' lang='lat' dir='ltr'><strong>pro</strong></span> <span class='ocrx_word' id='word_1_284' title='bbox 471 2753 794 2798; x_wconf 90' lang='lat' dir='ltr'><strong>communione</strong></span> <span class='ocrx_word' id='word_1_285' title='bbox 826 2753 1066 2811; x_wconf 87' lang='lat' dir='ltr'><strong>utriusque</strong></span> <span class='ocrx_word' id='word_1_286' title='bbox 1099 2752 1283 2811; x_wconf 88' lang='lat' dir='ltr'><strong>speciei,</strong></span> <span class='ocrx_word' id='word_1_287' title='bbox 1313 2751 1472 2811; x_wconf 88' lang='lat' dir='ltr'><strong>paucis</strong></span> <span class='ocrx_word' id='word_1_288' title='bbox 1498 2751 1664 2796; x_wconf 85' lang='lat' dir='ltr'><strong>abhinc</strong></span> <span class='ocrx_word' id='word_1_289' title='bbox 1692 2750 1869 2802; x_wconf 80' lang='lat' dir='ltr'><strong>diebuS,</strong></span> 
     </span>
     <span class='ocr_line' id='line_1_34' title="bbox 90 2829 1873 2890; baseline -0.003 -14"><span class='ocrx_word' id='word_1_290' title='bbox 90 2863 91 2866; x_wconf 50' lang='lat'><em>=</em></span> <span class='ocrx_word' id='word_1_291' title='bbox 209 2837 456 2890; x_wconf 70' lang='lat' dir='ltr'><strong>correptus</strong></span> <span class='ocrx_word' id='word_1_292' title='bbox 481 2830 656 2876; x_wconf 88' lang='lat' dir='ltr'><strong>crudeli</strong></span> <span class='ocrx_word' id='word_1_293' title='bbox 683 2831 881 2888; x_wconf 90' lang='lat' dir='ltr'><strong>quodam</strong></span> <span class='ocrx_word' id='word_1_294' title='bbox 908 2838 955 2875; x_wconf 88' lang='lat' dir='ltr'><strong>et</strong></span> <span class='ocrx_word' id='word_1_295' title='bbox 981 2831 1135 2876; x_wconf 91' lang='lat' dir='ltr'><strong>subito</strong></span> <span class='ocrx_word' id='word_1_296' title='bbox 1162 2832 1338 2886; x_wconf 92' lang='lat' dir='ltr'><strong>morbo,</strong></span> <span class='ocrx_word' id='word_1_297' title='bbox 1369 2845 1460 2887; x_wconf 92' lang='lat' dir='ltr'><strong>quo</strong></span> <span class='ocrx_word' id='word_1_298' title='bbox 1487 2844 1569 2887; x_wconf 90' lang='lat' dir='ltr'><strong>per</strong></span> <span class='ocrx_word' id='word_1_299' title='bbox 1596 2830 1712 2873; x_wconf 90' lang='lat' dir='ltr'><strong>duas</strong></span> <span class='ocrx_word' id='word_1_300' title='bbox 1738 2829 1873 2872; x_wconf 89' lang='lat' dir='ltr'><strong>horas</strong></span> 
     </span>
     <span class='ocr_line' id='line_1_35' title="bbox 218 2903 1874 2967; baseline -0.004 -13.495"><span class='ocrx_word' id='word_1_301' title='bbox 218 2905 308 2954; x_wconf 85' lang='lat' dir='ltr'><strong>fuit</strong></span> <span class='ocrx_word' id='word_1_302' title='bbox 341 2907 584 2954; x_wconf 89' lang='lat' dir='ltr'><strong>durissime</strong></span> <span class='ocrx_word' id='word_1_303' title='bbox 617 2907 875 2964; x_wconf 90' lang='lat' dir='ltr'><strong>cruciatus,</strong></span> <span class='ocrx_word' id='word_1_304' title='bbox 907 2915 1095 2967; x_wconf 90' lang='lat' dir='ltr'><strong>repente</strong></span> <span class='ocrx_word' id='word_1_305' title='bbox 1123 2915 1170 2953; x_wconf 89' lang='lat' dir='ltr'><strong>et</strong></span> <span class='ocrx_word' id='word_1_306' title='bbox 1203 2907 1453 2958; x_wconf 86' lang='lat' dir='ltr'><strong>miserrime</strong></span> <span class='ocrx_word' id='word_1_307' title='bbox 1487 2906 1680 2966; x_wconf 89' lang='lat' dir='ltr'><strong>interiit,</strong></span> <span class='ocrx_word' id='word_1_308' title='bbox 1713 2912 1764 2949; x_wconf 93' lang='lat' dir='ltr'><strong>ut</strong></span> <span class='ocrx_word' id='word_1_309' title='bbox 1797 2903 1874 2960; x_wconf 91' lang='lat' dir='ltr'><strong>qui</strong></span> 
     </span>
     <span class='ocr_line' id='line_1_36' title="bbox 98 2977 1528 3050; baseline 0.002 -23"><span class='ocrx_word' id='word_1_310' title='bbox 98 2978 139 3027; x_wconf 69' lang='grc' dir='ltr'><strong>ἶ·</strong></span> <span class='ocrx_word' id='word_1_311' title='bbox 212 2985 346 3046; x_wconf 77' lang='lat' dir='ltr'><strong>prior</strong></span> <span class='ocrx_word' id='word_1_312' title='bbox 362 2977 551 3032; x_wconf 88' lang='lat' dir='ltr'><strong>dederat</strong></span> <span class='ocrx_word' id='word_1_313' title='bbox 571 3001 729 3032; x_wconf 90' lang='lat' dir='ltr'><strong>ansam</strong></span> <span class='ocrx_word' id='word_1_314' title='bbox 751 2986 865 3032; x_wconf 90' lang='lat' dir='ltr'><strong>tanti</strong></span> <span class='ocrx_word' id='word_1_315' title='bbox 886 2986 1008 3040; x_wconf 90' lang='lat' dir='ltr'><strong>mali,</strong></span> <span class='ocrx_word' id='word_1_316' title='bbox 1033 2985 1154 3045; x_wconf 89' lang='lat' dir='ltr'><strong>prior</strong></span> <span class='ocrx_word' id='word_1_317' title='bbox 1174 2987 1322 3050; x_wconf 84' lang='lat' dir='ltr'><strong>lueret</strong></span> <span class='ocrx_word' id='word_1_318' title='bbox 1342 3000 1528 3046; x_wconf 86' lang='lat' dir='ltr'><strong>poenas.</strong></span> 
     </span>
    </p>
   </div>
   <div class='ocr_carea' id='block_1_18' title="bbox 217 2517 1872 2576">
    <p class='ocr_par' dir='ltr' id='par_1_18' title="bbox 217 2517 1872 2576">
     <span class='ocr_line' id='line_1_37' title="bbox 217 2517 1872 2576; baseline -0.003 -11"><span class='ocrx_word' id='word_1_319' title='bbox 217 2524 374 2565; x_wconf 83' lang='lat' dir='ltr'><strong>tantae</strong></span> <span class='ocrx_word' id='word_1_320' title='bbox 393 2517 655 2576; x_wconf 88' lang='lat' dir='ltr'><strong>impietatis,</strong></span> <span class='ocrx_word' id='word_1_321' title='bbox 681 2519 805 2576; x_wconf 91' lang='lat' dir='ltr'><strong>quod</strong></span> <span class='ocrx_word' id='word_1_322' title='bbox 825 2534 919 2564; x_wconf 91' lang='lat' dir='ltr'><strong>non</strong></span> <span class='ocrx_word' id='word_1_323' title='bbox 938 2533 1126 2576; x_wconf 89' lang='lat' dir='ltr'><strong>possum</strong></span> <span class='ocrx_word' id='word_1_324' title='bbox 1148 2517 1260 2576; x_wconf 91' lang='lat' dir='ltr'><strong>quin</strong></span> <span class='ocrx_word' id='word_1_325' title='bbox 1281 2533 1560 2571; x_wconf 89' lang='lat' dir='ltr'><strong>recenseam,</strong></span> <span class='ocrx_word' id='word_1_326' title='bbox 1586 2517 1710 2574; x_wconf 94' lang='lat' dir='ltr'><strong>quod</strong></span> <span class='ocrx_word' id='word_1_327' title='bbox 1725 2531 1872 2574; x_wconf 92' lang='lat' dir='ltr'><strong>nuper</strong></span> 
     </span>
    </p>
   </div>
   <div class='ocr_carea' id='block_1_19' title="bbox 313 3060 1874 3125">
    <p class='ocr_par' dir='ltr' id='par_1_19' title="bbox 313 3060 1874 3125">
     <span class='ocr_line' id='line_1_38' title="bbox 313 3060 1874 3125; baseline -0.006 -12"><span class='ocrx_word' id='word_1_328' title='bbox 313 3066 428 3113; x_wconf 83' lang='lat' dir='ltr'><strong>Item</strong></span> <span class='ocrx_word' id='word_1_329' title='bbox 447 3066 700 3113; x_wconf 88' lang='lat' dir='ltr'><strong>monachus</strong></span> <span class='ocrx_word' id='word_1_330' title='bbox 721 3064 929 3125; x_wconf 89' lang='lat' dir='ltr'><strong>quidam,</strong></span> <span class='ocrx_word' id='word_1_331' title='bbox 959 3063 1038 3122; x_wconf 91' lang='lat' dir='ltr'><strong>qui</strong></span> <span class='ocrx_word' id='word_1_332' title='bbox 1066 3063 1204 3122; x_wconf 86' lang='lat' dir='ltr'><strong>priori</strong></span> <span class='ocrx_word' id='word_1_333' title='bbox 1232 3078 1352 3109; x_wconf 88' lang='lat' dir='ltr'><strong>anno</strong></span> <span class='ocrx_word' id='word_1_334' title='bbox 1380 3063 1427 3107; x_wconf 91' lang='lat' dir='ltr'><strong>in</strong></span> <span class='ocrx_word' id='word_1_335' title='bbox 1442 3062 1550 3108; x_wconf 86' lang='lat' dir='ltr'><strong>suis</strong></span> <span class='ocrx_word' id='word_1_336' title='bbox 1577 3060 1874 3107; x_wconf 86' lang='lat' dir='ltr'><strong>concionibus</strong></span> 
     </span>
    </p>
   </div>
  </div>
 </body>
</html>
