2196 3548
380 230 431 267 62
987 234 1081 269 Epis
1092 241 1221 269 roma
1248 232 1416 268 ΜιΧτΑΕ

385 341 537 379 mento
558 349 639 391 por
665 350 724 378 no
750 341 878 379 tener
906 334 1112 380 Sbrando
1140 334 1182 376 la
1203 333 1396 393 primera
1425 339 1632 386 tonsura,
1667 337 1694 376 a
1721 333 1765 376 10
1786 336 1943 378 menos
1974 335 2019 378 lo

382 426 474 468 que
495 426 544 455 se
565 411 770 467 requiere
791 426 898 468 para
919 425 1007 466 que
1029 414 1155 454 entre
1178 424 1235 452 en
1258 410 1358 452 ella.
1392 410 1458 453 La
1477 410 1612 452 borsa
1632 410 1732 452 vale
1755 416 1969 465 quatorze
1989 415 2018 455 ό

381 488 548 544 quinze
569 489 732 532 scudos
754 489 888 543 lanyo
919 489 930 511 ¹
953 502 982 543 y
1001 501 1090 529 vna
1117 487 1299 529 cambra
1324 485 1354 538 ²,
1379 486 1423 528 10
1445 499 1534 540 que
1557 499 1606 528 es
1628 491 1724 528 arta
1738 485 1879 529 aiuda
1909 490 2017 543 pa'ra

384 565 453 608 105
474 564 664 607 studios.

476 643 565 684 Por
587 647 683 684 esta
704 655 763 683 no
786 647 924 697 tengo
945 646 1043 683 otro
1060 640 1116 682 de
1139 653 1226 694 que
1249 637 1480 690 auisarles,
1501 637 1601 681 sino
1616 645 1942 684 summamente
1958 654 2017 684 en

383 717 568 762 Christo
588 718 788 774 rogarles
817 731 905 773 que
926 731 983 759 en
1015 730 1091 759 sus
1123 714 1366 758 sacrificios
1398 729 1428 770 y
1455 713 1680 758 orationes
1711 715 1878 771 special
1907 729 2018 760 cura

384 795 556 851 tengan
577 794 633 836 de
655 800 878 836 nosotros.

476 871 520 914 A
542 871 606 913 XI
627 870 684 912 de
706 869 836 913 Abril
867 879 991 923 1541.

565 945 781 990 Omnium
804 945 1006 998 nomine,

1030 1024 1105 1079 Jo.
1141 1034 1455 1065 HIERONYMUS
1488 1022 1778 1081 DOMENECH.

472 1100 825 1155 Super-scriptio:
846 1092 956 1142 R.d0
978 1098 1024 1141 in
1047 1099 1184 1142 Chro.
1212 1097 1337 1141 Patri
1353 1099 1473 1140 Dfio.
1500 1096 1677 1153 Ignatio
1698 1103 1744 1139 et
1765 1096 1925 1142 Sociis.

472 1176 581 1218 Alia
601 1190 759 1218 manu:
787 1186 912 1230 1541,
938 1175 1081 1227 Paris,
1107 1177 1353 1227 Domenec,
1386 1186 1431 1217 11
1454 1173 1599 1217 Abril.
1620 1175 1779 1227 Roma,
1805 1186 1857 1217 10
1878 1173 2014 1219 Maio.

1168 1345 1240 1385 16

861 1433 1211 1471 HIERONYMUS
1240 1431 1536 1470 DOMENECH

758 1518 944 1560 PATRI
975 1517 1236 1560 IGNATIO
1268 1517 1351 1558 DE
1384 1516 1643 1559 LOYOLA

1081 1617 1267 1645 PAmsus.
1275 1636 1283 1644 .
1291 1636 1299 1645 .
1320 1610 1334 1630 ³

653 1695 713 1729 De
731 1698 835 1729 statu
853 1698 893 1729 et
910 1692 1230 1739 occupationibus
1249 1692 1441 1727 sociorum
1459 1692 1745 1739 parisiensium.

1190 1777 1218 1824 „2

471 1867 599 1909 M.tr0
632 1867 736 1908 Don
768 1865 910 1907 Paulo
930 1863 949 1887 ⁴
970 1878 1061 1907 aun
1091 1878 1150 1906 no
1173 1863 1261 1921 [ha]
1283 1862 1449 1906 hauido
1481 1864 1523 1906 la
1544 1865 1670 1907 bolsa
1691 1865 1722 1918 ⁸,
1747 1879 1843 1909 mas
1863 1879 1996 1922 spera

380 1956 478 1986 mos
500 1956 588 1998 que
609 1956 717 1997 muy
738 1948 890 1997 presto
911 1941 954 1983 13
975 1942 1098 1984 abra.
1126 1941 1179 1983 El
1200 1940 1359 1983 mismo
1381 1955 1463 1983 nos
1490 1947 1692 1996 promete
1713 1942 1770 1984 de
1792 1942 2015 1995 Sbmndo,

377 2033 477 2062 mas
498 2033 558 2062 no
578 2019 622 2061 10
645 2025 847 2061 tenemos
868 2031 949 2073 por
972 2023 1069 2059 tant
1090 2016 1247 2060 cierto.
1272 2016 1492 2060 Nosotros
1508 2031 1567 2060 no
1589 2032 1671 2061 nos
1693 2031 1842 2061 somos
1862 2032 2020 2074 passa-

377 2096 462 2138 dos
483 2095 526 2138 31
547 2093 740 2151 collegio
761 2095 819 2136 (10
841 2094 1073 2145 Lombars,
1098 2107 1179 2149 por
1200 2107 1259 2135 no
1281 2093 1390 2135 allar
1411 2094 1588 2148 aquella
1609 2093 1910 2137 commoditad
1931 2108 2020 2150 que

379 2175 677 2228 pensauamos
698 2185 807 2226 para
830 2170 974 2212 todos.
1001 2170 1172 2212 Tamen
1192 2183 1283 2211 vna
1302 2175 1430 2225 parte
1451 2170 1507 2212 de
1535 2177 1741 2214 nosotros
1763 2184 1811 2214 50
1831 2171 2020 2215 mudara

453 2320 464 2340 ¹
514 2318 567 2353 Al
584 2321 676 2360 αῆο,
695 2317 860 2363 singulis
878 2316 1004 2352 annis.

450 2380 464 2399 ²
518 2376 708 2420 camara,
730 2376 968 2412 cubiculum.

450 2437 464 2456 ⁵
514 2437 573 2471 Ex
586 2438 824 2484 autographo
838 2437 878 2472 in
892 2437 969 2471 vol.
982 2435 1031 2478 A,
1047 2435 1162 2471 unico
1177 2434 1282 2478 folio,
1298 2447 1336 2471 n.
1353 2443 1413 2481 47,
1430 2435 1536 2482 prius
1550 2444 1595 2481 25
1606 2437 1671 2472 bis,
1682 2437 1937 2473 Desideratur
1949 2449 2016 2474 no-

375 2495 474 2531 tatio
493 2496 692 2543 temporis.
713 2497 772 2531 Ex
789 2496 873 2543 ipsa
891 2500 1022 2531 autem
1047 2495 1213 2542 epistola
1235 2494 1280 2530 fit
1297 2496 1424 2542 palam
1447 2495 1711 2532 collocandam
1735 2508 1823 2532 esse
1840 2497 2016 2544 proxime

377 2559 467 2600 post
489 2566 589 2597 eam,
614 2567 713 2602 quae
740 2563 778 2590 11
808 2554 954 2601 Aprilis
981 2562 1067 2599 1541
1095 2554 1186 2589 data
1214 2553 1308 2596 fuit,
1333 2559 1374 2589 et
1396 2559 1487 2589 ante
1518 2560 1749 2602 sequentem
1778 2564 1825 2601 29
1855 2555 2015 2603 Aprilis.

375 2613 574 2660 Quoniam
590 2625 684 2649 vero
701 2614 749 2650 de
768 2615 956 2650 concione
974 2613 1108 2649 habita
1125 2625 1146 2649 a
1164 2613 1371 2649 Francisco
1391 2613 1440 2648 de
1454 2614 1618 2649 Estrada
1635 2614 1699 2650 die
1716 2615 1919 2651 Paschatis
1935 2616 2017 2663 agi-

376 2677 453 2715 tur,
472 2673 575 2720 quod
592 2673 730 2709 incidit
746 2673 813 2709 illo
831 2685 932 2709 anno
950 2673 991 2708 in
1012 2682 1054 2718 17
1073 2673 1233 2720 Aprilis,
1254 2672 1523 2709 existimamus
1537 2673 1695 2709 tandem
1709 2679 1906 2710 exaratam
1923 2674 2018 2712 fuis-

373 2743 421 2768 se
444 2732 492 2767 ad
521 2740 566 2777 25
591 2733 736 2780 Aprilis
766 2735 852 2780 plus
877 2733 1071 2774 minusve,
1097 2733 1137 2768 id
1161 2738 1235 2775 est,
1260 2733 1394 2780 paucis
1417 2738 1508 2769 ante
1533 2738 1764 2780 sequentem
1788 2733 1948 2778 diebus,
1974 2739 2018 2771 ut

373 2791 543 2838 ipsemet
571 2793 798 2828 Domenech
822 2797 988 2828 testatur
1011 2793 1122 2828 initio
1146 2793 1346 2840 proximae
1371 2793 1574 2840 epistolae:
1602 2794 1778 2841 «Porque
1801 2806 1896 2841 muy
1917 2805 2018 2842 poco

374 2851 427 2886 ha
448 2863 524 2898 que
546 2851 595 2886 de
619 2851 730 2887 todas
755 2857 935 2888 nuestras
958 2863 1070 2888 cosas
1096 2864 1189 2899 muy
1206 2853 1448 2898 largamente
1479 2852 1528 2888 de
1552 2854 1643 2900 aqui
1671 2864 1743 2889 son
1772 2852 1906 2890 stados
1935 2854 2016 2890 aui-

374 2909 567 2946 sadus...»
593 2920 595 2922 ·
871 2921 873 2923 ·

451 2971 466 2991 ⁴
515 2970 558 3005 P.
579 2970 722 3005 Paulus
740 2969 788 3006 de
809 2970 997 3007 Achilles.

451 3030 466 3051 ⁵
516 3028 615 3065 Vide
633 3029 839 3077 epistolam
857 3031 1112 3078 superiorem.
