2196 3548
329 237 379 271 44
932 228 1168 262 EP1STOLAE
1195 226 1363 261 M1xTAE

323 340 440 379 mus,
456 318 534 370 'bis
556 328 630 370 uel
653 333 721 370 ter
742 341 879 370 onera
899 327 1124 383 deponere
1145 324 1359 381 oportuit.
1386 324 1592 368 Mirabile
1611 324 1752 377 dictu,
1772 324 1853 367 sed
1874 324 1959 367 mi-
1983 317 1985 319 ¹

323 402 507 446 rabilius
532 403 647 446 uisu!
673 405 743 447 De
766 403 972 446 fenestris
1005 402 1203 457 undique
1235 396 1671 458 circumspiciebant,
1697 407 1743 444 et
1763 400 1959 457 praeuiis

322 479 585 523 muneribus
607 479 736 523 nobis
758 478 1119 523 mendicantibus
1141 477 1403 531 obuiabant3
1424 484 1469 520 et
1490 477 1686 533 denique
1708 484 1847 520 totam
1870 476 1959 520 cir-

321 556 577 599 cumeundo
600 563 781 608 terram,
806 570 972 612 magna
1004 570 1086 598 nos
1109 556 1241 597 turba
1262 560 1496 609 sequente,
1521 553 1743 610 hospitale
1764 553 1958 610 ingressi

320 645 494 684 sumus,
514 639 560 675 et
588 646 738 675 coram
766 631 894 675 altari
921 631 1221 688 procidentes,
1246 632 1345 673 Deo
1372 629 1668 686 omnipotenti
1694 629 1864 686 gratias
1885 644 1959 674 re-

322 706 522 761 tulimus,
548 714 594 751 et
616 708 927 764 eleemosynae
948 707 1117 750 divisae
1138 713 1259 749 sunt.
1295 707 1392 749 Nec
1421 705 1561 748 silebo
1583 705 1761 748 interim
1784 707 1841 749 de
1861 708 1959 750 Do-

320 783 536 827 ctoribus.
564 786 675 828 Post
697 791 866 827 tantam
899 785 1123 839 talemque
1154 782 1561 835 mortificationem,
1587 783 1724 838 quod,
1757 783 1956 836 creditis,

319 860 538 917 gaudium
560 875 715 904 secum
747 862 930 904 domum
962 861 1233 916 reportasse?
1256 861 1386 903 Vnus
1407 858 1527 902 enim
1549 873 1605 902 ex
1626 858 1713 902 illis
1737 859 1837 912 fuit,
1863 859 1956 915 qui,

319 951 497 980 mecum
524 938 731 993 loquens,
770 937 931 993 inquit:
972 939 1117 980 Tanta
1140 951 1238 979 sum
1261 935 1549 992 jucunditate
1578 936 1793 992 repletus,
1834 942 1960 980 tanta

319 1012 420 1055 miri
454 1013 642 1056 feruoris
673 1014 911 1057 dulcedine
943 1028 1042 1056 sum
1074 1013 1300 1069 perfusus,
1326 1020 1377 1054 ut
1405 1012 1637 1055 continere
1668 1026 1741 1055 me
1762 1026 1855 1061 non
1875 1026 1960 1056 ua-.

318 1090 451 1142 leam,
476 1090 587 1145 quin
608 1104 714 1146 prae
735 1090 892 1146 gaudii
913 1089 1226 1146 magnitudine
1247 1089 1445 1132 exterius
1467 1088 1513 1131 in
1535 1103 1694 1131 uocem
1717 1088 1960 1132 exultatio—

319 1166 390 1209 nis
411 1181 714 1223 prorumpam.
741 1166 889 1220 Cutis‚
923 1166 1084 1222 inquit,
1119 1180 1191 1208 me
1223 1180 1314 1208 non
1345 1165 1480 1222 capit3
1505 1165 1551 1207 in
1573 1166 1716 1208 celam
1747 1178 1956 1222 propero,

320 1249 371 1285 ut
393 1243 723 1286 vehementiam
755 1242 938 1299 spiritus
969 1242 1102 1286 liceat
1128 1256 1386 1299 evaporare.
1414 1244 1520 1298 Quo
1552 1256 1656 1285 cum
1678 1241 1959 1298 pervenisset

318 1319 386 1375 <ut
406 1326 563 1375 postea
593 1319 688 1375 ipse
719 1319 828 1362 mihi
859 1319 1043 1375 retulit),
1069 1318 1312 1362 maximum
1344 1318 1390 1361 in
1423 1319 1579 1361 fletum
1612 1325 1682 1361 est
1713 1318 1955 1372 resolutus,

291 1391 295 1392 ⁷
319 1402 532 1451 totusque
553 1402 740 1452 pacatus
761 1396 968 1448 effectus,
994 1395 1404 1452 experimentaliter
1425 1395 1710 1452 recognouit,
1735 1394 1845 1450 quid
1871 1394 1960 1438 uti-

319 1471 457 1514 litatis
479 1471 537 1515 sit
559 1472 756 1528 seipsum
778 1471 960 1515 vincere
991 1479 1127 1527 atque
1159 1472 1402 1528 abnegare,
1428 1473 1678 1515 secundum
1711 1471 1960 1516 Salvatoris

320 1547 462 1591 nostri
494 1548 764 1591 sententiam
796 1555 883 1592 etc.
919 1550 960 1592 Y
982 1549 1258 1601 finalmente,
1283 1548 1604 1604 queriendome
1636 1563 1694 1604 yo
1725 1547 1881 1604 partir,
1917 1548 1960 1592 el

315 1626 495 1667 cufiado
517 1625 590 1667 del
611 1625 882 1681 Archiprete
904 1625 1011 1668 uino
1042 1629 1068 1668 a
1089 1639 1194 1668 casa
1215 1632 1415 1678 nuestra,
1440 1616 1694 1681 y“llorando
1715 1639 1764 1669 se
1785 1626 1958 1668 lamen-

317 1707 423 1744 taua
443 1715 503 1744 no
524 1703 666 1744 hauer
686 1703 831 1745 hecho
861 1702 1008 1745 fructo
1036 1702 1220 1758 alguno,
1245 1717 1274 1758 y
1296 1716 1385 1757 que
1406 1717 1560 1758 agora,
1586 1702 1874 1755 deseandolo,
1898 1717 1958 1758 yo

315 1791 388 1820 me
409 1777 567 1834 partia.
594 1779 634 1820 Y
656 1777 941 1834 pidiendome
962 1792 1043 1834 por
1065 1793 1189 1821 amor
1217 1779 1272 1821 de
1295 1780 1413 1835 Xpo.
1439 1785 1624 1821 nuestro
1648 1779 1793 1823 Senor
1815 1779 1958 1836 algun

315 1854 450 1896 modo
481 1854 538 1896 de
568 1853 672 1897 bien
704 1854 837 1906 biuir,
872 1868 922 1897 se
953 1854 1144 1898 ofrescio
1175 1859 1201 1898 a
1232 1855 1477 1898 demandar
1507 1855 1550 1898 la
1566 1854 1760 1898 'limosna
1781 1869 1868 1898 con
1889 1855 1958 1899 los

313 1937 452 1983 otros,
477 1945 508 1986 y
529 1944 617 1985 que
638 1932 681 1974 lo
703 1930 829 1974 haria
849 1931 931 1974 dos
954 1945 1088 1974 uezes
1110 1945 1167 1974 en
1188 1932 1230 1974 la
1251 1946 1450 1984 semana,
1476 1935 1503 1975 ὁ
1525 1946 1654 1975 como
1675 1932 1718 1974 le
1739 1933 1958 1976 ordenas-

314 2020 378 2049 se.
404 2007 534 2050 Vltra
565 2008 709 2060 desto,
734 2007 1034 2051 hauiendome
1065 2023 1123 2064 yo
1151 2009 1207 2051 de
1234 2008 1375 2064 partir
1396 2009 1452 2051 de
1480 2015 1689 2062 matiana,
1714 2022 1787 2051 me
1808 2008 1957 2052 avisa-

314 2098 398 2126 ron
419 2087 549 2127 como
571 2097 628 2126 en
650 2084 692 2126 el
712 2084 906 2140 hospital
927 2099 999 2127 me
1021 2099 1269 2142 esperauan
1291 2089 1387 2128 mas
1408 2086 1465 2128 de
1481 2092 1658 2128 setenta
1671 2099 1907 2142 mugeres,
1927 2100 1958 2141 y

314 2161 379 2202 fui
403 2161 584 2215 forcado
605 2159 644 2202 ir
665 2164 691 2203 a
713 2161 860 2204 darles
891 2161 1083 2218 algunas
1114 2162 1263 2218 reglas
1285 2162 1341 2204 de
1362 2161 1468 2205 bien
1488 2161 1622 2214 viuir,
1647 2168 1734 2204 etc.
1759 2176 1790 2217 y
1811 2161 1958 2204 anssi'-

315 2235 475 2279 mismo
497 2250 571 2279 me
591 2236 940 2292 importunauan
962 2251 1050 2293 que
1071 2238 1137 2280 les
1159 2237 1307 2281 diesse
1328 2242 1355 2281 a
1376 2239 1484 2281 ellas
1517 2237 1712 2281 tambien
1735 2238 1804 2281 los
1826 2251 1958 2280 exer-

314 2312 466 2364 cicios,
491 2313 730 2370 allegando
752 2327 841 2368 que
863 2314 1062 2357 tambien
1083 2314 1236 2358 tenian
1257 2315 1365 2358 ellas
1392 2314 1564 2358 animas
1585 2329 1715 2358 como
1735 2315 1803 2358 los
1823 2315 1957 2357 hom-

313 2390 432 2432 bres.
459 2390 500 2432 Y
522 2403 579 2432 en
610 2389 689 2442 fin,
724 2390 932 2434 dexando
962 2398 1084 2434 otras
1116 2405 1244 2435 cosas
1275 2406 1356 2448 por
1388 2391 1610 2444 abreuiar‚
1636 2405 1719 2434 nos
1739 2390 1956 2447 partimos

312 2479 401 2509 con
423 2468 587 2509 mucho
609 2465 912 2520 sentimiento,
936 2482 1018 2524 por
1039 2468 1082 2511 la
1103 2468 1257 2524 gracia
1277 2469 1334 2511 de
1365 2471 1552 2511 nuest'ro
1584 2469 1746 2520 Senor,
1770 2468 1828 2510 de
1849 2468 1956 2511 toda

311 2543 490 2597 aquella
513 2542 647 2585 tierra
668 2549 756 2586 etc.
783 2544 871 2588 Sea
901 2544 958 2587 de
986 2545 1091 2587 todo
1127 2545 1317 2588 alabado
1353 2559 1383 2601 y
1414 2544 1677 2602 glorificado
1714 2545 1756 2587 el
1792 2545 1956 2589 Salua-

310 2619 395 2661 dor
416 2627 603 2662 nuestro
619 2621 728 2677 jhu.
754 2621 872 2676 Xpo.
899 2619 973 2663 cui
1000 2620 1059 2663 sit
1090 2621 1204 2674 laus,
1239 2622 1384 2664 honor
1415 2627 1462 2664 et
1482 2620 1627 2677 gloria
1647 2620 1694 2664 in
1717 2620 1955 2678 sempiter-

312 2709 446 2752 num„
466 2696 631 2739 Amen.
664 2696 823 2740 Gratia
851 2703 896 2739 et
923 2711 1011 2753 pax
1038 2696 1222 2740 Domini
1249 2696 1390 2741 nostri
1412 2698 1520 2755 Jhu.
1553 2697 1659 2754 Xpi.
1691 2697 1750 2741 sit
1778 2711 1958 2754 semper

312 2784 420 2814 cum
443 2771 669 2816 omnibus.
1946 2829 1949 2832 ‚

400 2850 471 2892 De
495 2848 682 2902 Briscia,
703 2850 776 2892 del
792 2849 987 2906 hospital
1008 2851 1064 2893 de
1086 2851 1153 2894 los
1175 2849 1449 2903 incurables,
1471 2864 1496 2906 3
1513 2851 1570 2893 de
1592 2851 1800 2894 Hebrero
1823 2861 1952 2906 1540.

586 2927 749 2969 Vester
770 2925 817 2968 in
839 2928 958 2983 Xpo.
979 2926 1196 2983 indignus
1218 2926 1354 2980 filius,

973 3004 1008 3057 ἦ·
1038 3004 1341 3048 FRANCISCUS
1375 3005 1585 3054 STRADA.
1619 3004 1655 3058 -Ι-
