2196 3548
934 287 1014 324 ΑΝ.
1028 295 1138 345 ,1545
1790 292 1859 339 193

204 390 443 448 'quomodo
461 403 556 434 non
574 389 639 435 fui
659 390 1100 443 excommunicatus,
1124 403 1211 434 nec
1237 388 1367 446 potui
1397 397 1582 447 propter
1614 391 1862 438 absolutio-

210 467 416 516 'necillas
435 467 836 523 excommunicari3
867 467 975 525 quia
995 466 1151 512 audivi
1177 466 1505 521 confessiones,
1536 474 1583 512 et
1609 470 1792 523 multas,
1817 477 1864 515 et

88 531 98 553 ι
123 563 127 567 ’
211 557 289 592 me
305 550 537 604 oporteret
556 543 764 603 singulas
783 558 1005 602 personas
1026 543 1273 589 convenire
1293 550 1341 588 et
1367 543 1519 589 dicere
1538 541 1628 589 illis
1654 560 1728 590 me
1756 554 1865 591 tunc

211 621 320 669 isses
333 634 428 668 non
447 618 655 680 potuisse
683 622 923 667 absolvere
948 635 1224 679 quemquam
1251 618 1364 682 [sic],
1398 621 1505 678 quia
1531 636 1655 666 eram
1684 637 1869 667 excom-

130 723 136 730 ·
198 696 491 755 ‘munitarum
515 703 564 745 et
578 705 883 756 sequerentur
902 699 1048 743 multa
1066 698 1375 754 incommoda;
1396 698 1503 755 quia
1520 706 1752 756 oporteret
1769 700 1871 745 illos

83 780 103 828 “,
157 813 164 821 .
210 776 380 824 iterum
409 776 618 824 confiteri
649 782 699 822 et
729 775 904 822 absolvi
931 791 959 821 a
985 775 1333 834 participatione
1364 777 1864 831 excommunicationis,

96 846 113 860 ⁸
202 852 324 914 quia
356 853 636 913 quicumque
667 867 850 899 mecum
881 851 1223 912 participaverit
1256 853 1306 898 in
1338 852 1521 898 casibus
1547 854 1787 911 prohibitis
1818 855 1867 899 in

140 947 151 958 '¹
206 930 333 991 jure.
353 930 857 990 excommunicatique]
884 931 1035 989 papali
1055 931 1318 976 innodatur.
1344 931 1541 989 Oportet
1561 931 1610 975 in
1629 932 1701 977 his
1721 932 1870 977 omni-

207 1010 305 1056 bus
322 1009 520 1056 maxime
538 1008 796 1068 providere.

1002 1223 1086 1265 58

702 1305 1024 1371 Arii-omns
1062 1331 1140 1368 DE
1179 1330 1387 1370 ARAoz

546 1434 764 1481 PATRI
794 1431 1095 1480 IGNATIO
1127 1434 1217 1478 DE
1248 1434 1543 1480 LOYOLA

732 1555 877 1584 EBORA
902 1557 926 1594 9
949 1555 1179 1584 FEBRUARn
1207 1554 1299 1594 1545
1326 1549 1356 1585 ¹.

212 1643 350 1691 Faber
369 1648 661 1689 conimbricam
683 1648 806 1686 venit.
807 1647 1018 1685 -Araozii
1040 1652 1082 1684 et
1104 1648 1223 1685 Fabri
1246 1648 1472 1686 conciones.
1476 1650 1659 1686 —Pietas
1684 1651 1874 1688 nobilium

247 1698 548 1745 «Quintiorum
569 1709 617 1734 ac
619 1697 831 1754 imprimis
854 1696 979 1744 Regis
1002 1696 1219 1745 regiaeque
1243 1696 1397 1734 domus.
1402 1697 1511 1734 —De
1537 1698 1710 1735 Antonio
1735 1698 1875 1736 Crimi-

242 1784 244 1786 .
255 1739 368 1785 nal'i
383 1751 426 1785 et
441 1745 529 1796 ejus
546 1745 666 1783 sociis
682 1745 724 1782 in
742 1744 894 1782 Indiam
912 1745 1174 1782 solventibus.
1178 1745 1289 1782 —De
1309 1745 1489 1794 proxima
1502 1746 1543 1782 in
1556 1746 1787 1795 Hispaniam
1802 1748 1874 1784 Fa-

259 1793 359 1834 bri
364 1799 412 1832 et
426 1794 588 1834 Aaeaozii
604 1792 865 1843 profectione.

989 1915 1093 1974 Jhs.

261 2011 473 2059 Gratia
491 2017 541 2057 et
559 2023 651 2070 pax
670 2009 858 2056 Domini
885 2009 1031 2054 nostri
1051 2011 1162 2070 Jhu.
1194 2010 1302 2068 Xpi.
1327 2009 1390 2054 sit
1410 2024 1590 2068 semper
1616 2011 1874 2057 nobiscum.

119 2128 121 2130 .
270 2088 555 2136 veniendo
584 2088 644 2134 de
673 2088 900 2142 confesar,
930 2102 1005 2132 me
1031 2103 1060 2132 a
1084 2087 1221 2132 dicho
1253 2088 1297 2132 el
1325 2089 1380 2132 P.
1413 2090 1548 2132 Mtre.
1582 2089 1757 2145 Symon
1785 2105 1876 2146 que

122 2160 170 2289 ᾗιζ
206 2166 455 2222 ώτίνιωο,
475 2170 653 2226 po'rque
672 2164 789 2210 avia
795 2179 1069 2223 mensagero
1090 2179 1182 2222 que
1202 2180 1292 2222 yva
1318 2169 1346 2210 a
1367 2167 1528 2220 Roma,
1564 2167 1760 2224 despues
1789 2183 1880 2225 que

164 2255 310 2307 ρι’
324 2251 422 2291 tres
440 2247 470 2290 ό
490 2250 656 2301 quatro
674 2257 812 2288 vezes
831 2257 973 2301 pocos
993 2242 1093 2287 dias
1113 2257 1142 2287 a
1162 2242 1402 2288 scriuimos
1423 2258 1510 2288 con
1533 2244 1692 2290 Simon
1707 2245 1766 2290 de
1781 2246 1878 2291 Ve-

218 2321 323 2385 ρι’
311 2351 342 2379 ς
361 2336 454 2382 que
473 2323 543 2369 Su
563 2322 729 2367 Alteza
749 2321 838 2366 alla
858 2320 1088 2378 ymbiaba.

138 2404 179 2462 fi'f.
312 2401 370 2447 El
401 2402 457 2447 P.
490 2401 659 2455 Fabro‚
691 2398 887 2444 aviendo
913 2398 1160 2457 predicado
1187 2414 1219 2456 y
1245 2399 1507 2456 exercitado
1538 2415 1596 2445 en
1629 2401 1878 2458 Coymbra,

167 2468 181 2522 ‘¹
220 2492 350 2539 vyno
370 2478 487 2530 'abra
513 2477 628 2532 doze
653 2476 754 2522 dias
784 2477 814 2520 ³.
847 2477 902 2521 El
927 2475 1110 2522 viernes
1136 2491 1186 2522 se
1215 2477 1292 2522 fue
1314 2481 1342 2522 a
1361 2477 1563 2535 despidir
1582 2478 1640 2522 de
1660 2479 1767 2523 Don
1790 2480 1881 2523 Pe-

142 2545 198 2623 ᾗ]
219 2556 318 2604 ἀεὶ
338 2556 663 2610 nazarenas,
703 2568 794 2612 que
820 2557 920 2599 esta
954 2569 1106 2600 nueve
1141 2551 1306 2613 leguas
1341 2556 1400 2600 de
1436 2559 1559 2612 aqui.
1591 2556 1884 2613 Speramoslo

209 2620 361 2683 *alitro*
374 2636 481 2692 oy'o
494 2638 708 2678 matiana.
734 2633 790 2677 El
811 2633 902 2690 dya
923 2633 982 2677 de
1001 2632 1047 2677 la
1069 2631 1377 2690 Purificacion
1398 2633 1583 2692 predico
1605 2648 1664 2678 en
1684 2634 1728 2679 la
1748 2635 1884 2691 ygle-

138 2719 182 2748 ⁹.
189 2709 329 2771 fla,
333 2710 486 2759 donde
504 2725 566 2769 yo
590 2709 813 2769 predique
839 2711 884 2755 el
910 2709 1162 2764 Aduiento,
1186 2725 1218 2768 y
1243 2711 1442 2769 despues
1469 2715 1551 2756 aca
1578 2726 1609 2768 y
1629 2712 1713 2756 dos
1733 2726 1883 2756 meses

161 2812 181 2836 ιι
224 2788 451 2839 tumba
470 2788 628 2834 fiestas
657 2802 689 2846 y
719 2787 981 2846 domingos,
1015 2801 1070 2846 sy
1090 2803 1152 2833 no
1179 2802 1290 2834 eran
1317 2789 1387 2834 los
1407 2789 1506 2833 dias
1527 2803 1618 2846 que
1639 2788 1885 2848 predicaba

142 2877 206 2947 gf
194 2867 256 2922 ι,
271 2867 369 2916 Sus
393 2866 599 2935 Altezas.

123 2986 125 2991 ’
227 3007 240 3030 ,ε
300 2992 317 3025 ²
360 2993 424 3032 Ex
437 2993 685 3042 autographo
701 2991 744 3029 in
759 2992 839 3030 vol.
859 2992 910 3035 A,
930 2991 1047 3029 unico
1063 2992 1173 3035 folio,
1193 3003 1234 3030 n.
1257 2992 1314 3037 16,
1333 2993 1442 3042 prius
1463 3002 1545 3040 155.

151 3049 156 3052 ⁷
231 3083 265 3097 υ»
288 3057 317 3089 »ῑ
363 3052 518 3099 Carta&
531 3054 580 3090 de
599 3053 686 3091 San
702 3052 885 3102 Ignacio,
906 3057 935 3089 t.
949 3061 978 3095 1,
996 3064 1088 3101 pag.
1103 3061 1189 3099 224,
1207 3061 1293 3099 254,
1313 3052 1384 3100 503

299 3114 318 3138 ⁸
364 3113 468 3152 Vide
487 3112 682 3151 Curias...
701 3113 767 3150 del
784 3113 836 3150 Β.
855 3113 1000 3158 Fulvo,
1023 3118 1052 3150 t.
1072 3122 1100 3157 1,
1120 3124 1212 3162 pag.
1232 3122 1316 3160 250.

372 3185 570 3218 amram
586 3185 735 3223 Μαι-η,
755 3193 832 3216 rou.
853 3193 876 3216 1.
1634 3187 1668 3216 13
