2196 3548
942 253 1023 290 An.
1055 261 1146 299 1547
1797 255 1864 293 331

999 453 1078 496 Μ

640 562 895 601 VICARIUS
922 562 1223 601 PONTIFICIS
1250 563 1447 599 MAXIMI

518 666 732 710 PATRI
781 666 1088 710 IGNATIO
1136 667 1227 722 DE
1274 666 1568 711 LOYOLA

700 787 917 822 ‘rmm-:N’ro
946 787 990 825 14
1012 787 1211 823 JANUARII
1238 786 1329 825 1547
1357 780 1384 814 ¹.

598 880 667 916 De
700 880 851 917 sociis
884 880 1114 917 Tridenti
1148 880 1487 917 versantibus.

305 982 528 1029 Reueren’
551 985 614 1028 M.
641 982 838 1042 Ignatio:
863 983 931 1028 La
951 990 1109 1028 uostra
1130 983 1188 1028 de
1211 995 1235 1040 5
1259 983 1335 1028 del
1355 989 1568 1041 presente
1594 982 1655 1026 mi
1676 985 1736 1027 ha
1764 985 1873 1028 dato

212 1060 346 1119 gran'
367 1060 679 1106 consolatione
699 1061 950 1119 spirituale,
974 1069 1022 1106 et
1042 1063 1191 1107 ancho
1213 1062 1476 1120 temporale,
1497 1075 1577 1118 per
1592 1061 1637 1105 la
1652 1076 1736 1105 sua
1751 1061 1874 1105 bona

213 1132 453 1199 diligentia
471 1137 594 1183 circa
613 1139 656 1183 el
676 1138 932 1196 particolar’
949 1139 1057 1184 mio.

304 1215 468 1262 Scriuo
489 1217 578 1261 alla
598 1217 696 1262 S‚ra
716 1218 884 1262 Donna
904 1218 1112 1262 Leonora
1133 1219 1149 1240 ³
1172 1232 1253 1276 per
1274 1217 1456 1262 ricordo
1478 1224 1651 1271 nostro,
1676 1232 1750 1261 ma
1780 1232 1874 1261 non

213 1292 273 1339 de
291 1307 400 1339 cosa
426 1293 696 1352 particolare
731 1295 838 1350 mia,
878 1295 1042 1353 poiche
1056 1291 1132 1340 'mi
1167 1296 1299 1340 basta
1325 1296 1411 1340 che
1447 1310 1474 1339 a
1512 1294 1587 1339 uoi
1624 1294 1712 1339 stia
1742 1309 1875 1339 raco-

213 1371 444 1417 mandata.

303 1448 440 1501 Circa
458 1449 491 1494 li
513 1449 581 1494 soi
601 1450 900 1495 dillectis'simi
923 1450 1087 1496 fratelli
1108 1458 1227 1496 state
1247 1465 1383 1509 sopra
1404 1451 1450 1495 di
1477 1465 1572 1504 me,
1597 1453 1683 1495 che
1713 1450 1760 1494 in
1792 1465 1875 1494 ne-

213 1536 333 1572 suna
352 1533 482 1585 parte
502 1528 577 1572 del
597 1529 766 1573 mondo
788 1528 934 1587 hoggi
954 1529 1002 1573 di
1016 1529 1543 1587 potrebbonodimorare
1559 1543 1648 1573 con
1663 1528 1877 1586 maggior

214 1604 358 1651 frutto
378 1605 437 1650 de
458 1605 610 1663 quello
632 1607 718 1650 che
745 1606 884 1651 fanno
906 1620 998 1663 qua
1017 1608 1052 1661 ³,
1083 1613 1130 1652 et
1161 1608 1345 1664 quando
1377 1611 1479 1651 sera
1509 1606 1781 1660 al'trimente,
1816 1621 1876 1651 ne

213 1682 302 1728 sat’
324 1688 372 1727 te
391 1681 586 1738 auisato,
610 1685 778 1742 perche
799 1684 942 1729 siamo
964 1684 1075 1743 ogni
1097 1684 1261 1743 giorno
1282 1684 1471 1730 insieme
1487 1699 1568 1742 per
1583 1685 1627 1729 la
1642 1685 1740 1728 loro
1757 1684 1874 1728 bon-

214 1761 278 1814 ta,
302 1760 562 1806 anchorehe
582 1775 664 1819 per
684 1761 910 1820 maggior’
932 1762 1049 1807 bene
1070 1777 1162 1807 non
1183 1762 1353 1808 habbia
1369 1762 1658 1807 comunicato
1680 1777 1769 1806 con
1785 1762 1875 1806 essi

213 1843 378 1895 questa
397 1832 770 1896 interrogatione.
798 1841 843 1884 A
863 1839 940 1884 voi
959 1841 1092 1885 basta
1113 1855 1246 1899 saper
1261 1841 1320 1884 da
1341 1855 1414 1884 me
1434 1841 1479 1885 la
1499 1839 1645 1885 verita
1663 1854 1814 1884 essere
1835 1841 1874 1883 si

212 1922 344 1960 come
362 1915 426 1960 ho
445 1915 589 1960 detto.

303 1992 437 2038 Delle
456 1994 662 2039 oratione
683 2002 838 2040 uostre
858 2003 906 2040 et
925 1997 983 2041 de
1004 2003 1125 2042 tutta
1145 1998 1189 2042 la
1210 1996 1514 2055 Compagnia,
1538 2011 1588 2041 se
1615 1995 1705 2040 mai
1732 1995 1871 2040 hebbi

212 2064 262 2116 di
278 2069 494 2130 bisogno,
519 2085 751 2131 cognosco
777 2075 980 2119 hauerne
1006 2074 1054 2118 di
1080 2081 1307 2133 presente,
1333 2075 1419 2119 alle
1447 2074 1571 2132 quali
1593 2080 1764 2131 quanto
1791 2072 1872 2131 piu

212 2147 435 2206 posso'mi
461 2151 753 2195 racomando.

301 2225 375 2271 De
395 2226 568 2272 Trento
588 2226 621 2271 il
641 2228 688 2272 di
715 2240 769 2284 14
790 2228 837 2273 di
857 2229 1042 2274 Genaro
1071 2241 1198 2287 1547.

1176 2309 1213 2353 F
1215 2309 1374 2354 ratello
1395 2311 1505 2353 am.⁰

1421 2387 1476 2431 R.
1503 2387 1631 2432 V1c.⁰

303 2454 662 2519 Superscripfio:
682 2463 744 2507 Al
761 2464 985 2509 Reueren'
1005 2466 1142 2510 Patre
1158 2467 1294 2511 Mtro.
1315 2465 1512 2523 Ignatio,
1533 2463 1799 2509 Presidente
1815 2463 1873 2506 de

213 2535 261 2581 la
278 2536 565 2597 Compagnia
585 2539 643 2584 de
657 2542 786 2600 Jesu,
812 2549 985 2599 quanto
1008 2543 1201 2598 fratello,
1225 2559 1253 2588 a
1274 2545 1434 2588 Roma.

301 2614 414 2659 Alia
429 2629 591 2660 manu:
607 2619 678 2662 De
695 2619 884 2663 Trento.
906 2620 960 2664 El
977 2620 1162 2666 vicario
1177 2620 1225 2665 di
1241 2622 1337 2668 Sua
1353 2620 1447 2667 8.ῒὲ
1469 2636 1496 2665 a
1513 2623 1648 2666 Mtro.
1670 2618 1866 2677 Ignatio.
1937 2616 1939 2618 ’

285 2734 298 2757 ¹
348 2734 408 2771 Ex
426 2734 608 2784 originali
626 2736 667 2774 in
685 2738 764 2775 vol.
784 2738 994 2787 Epistolae
1011 2741 1322 2789 Episcoporum,
1341 2740 1400 2778 lit.
1416 2752 1452 2786 a,
1471 2740 1579 2788 prius
1591 2752 1637 2776 -n.
1656 2739 1741 2786 335.
1757 2739 1872 2776 Vica-

210 2790 294 2850 riuz
310 2794 438 2831 almae
454 2795 578 2834 Urbis
604 2802 688 2834 erat
711 2797 916 2847 Philippus
936 2799 1167 2846 Archintus,
1193 2800 1414 2849 Episcopus
1441 2800 1696 2845 Salutiarum,
1724 2798 1870 2846 Ignatii

211 2849 507 2904 societatisque
524 2856 804 2895 amicissimus.

284 2914 301 2937 ¹
350 2915 548 2953 Eleonora
563 2916 721 2963 Osorio,
745 2919 911 2966 Joannis
928 2919 979 2956 de
1003 2921 1115 2968 Vega
1140 2920 1285 2958 nobilis
1305 2922 1532 2958 uxor.—De
1556 2922 1629 2957 hac
1653 2919 1870 2957 lectissima

213 2978 392 3012 matrona
409 2977 558 3014 mentio
573 2978 619 3014 fit
636 2990 756 3028 saepe
774 2979 814 3017 in
830 2979 979 3017 Cartas
995 2982 1044 3018 de
1063 2981 1150 3019 San
1167 2981 1352 3031 Ignacio,
1372 2987 1413 3019 et
1431 2994 1453 3018 a
1470 2981 1585 3018 nobis
1604 2981 1674 3017 fiet
1694 2979 1814 3016 etiam
1829 2979 1869 3014 in

212 3035 476 3082 sequentibus
493 3037 688 3086 epistolis,
705 3051 798 3076 cum
815 3052 945 3078 sermo
963 3041 1016 3078 sit
1031 3041 1082 3079 de
1099 3043 1220 3079 rebus
1239 3042 1521 3080 siciliensibus.

288 3094 305 3117 ¹
354 3095 456 3134 Vide
476 3096 626 3135 Carta-3
641 3100 690 3137 de
709 3100 796 3137 San
813 3100 997 3151 Ignacio,
1011 3107 1041 3140 t.
1060 3113 1087 3150 1,
1107 3102 1290 3152 Append.
1309 3113 1351 3148 11,
1370 3115 1409 3139 n.
1430 3111 1490 3148 25,
1509 3113 1599 3150 pag.
1618 3100 1790 3147 484-495.
