2190 3510
924 285 1097 321 Innlcsss
1769 288 1842 325 633

180 386 306 430 Silva,
325 388 478 435 Joanna
494 386 558 430 de,
582 393 663 432 195.

178 445 307 491 Silva,
325 447 449 484 Maria
465 446 529 489 de,
548 445 633 493 329.

178 505 364 551 Silveim
377 507 599 545 Consalvus
611 505 676 548 de,
691 505 796 541 filius
810 503 977 542 Comitis

228 566 491 610 sorteliensis,
501 571 640 615 postea
650 570 810 613 martyr,
825 564 977 612 logicae

228 626 366 665 suadet
393 626 684 669 Conimbricae,
718 634 798 671 142;
826 624 975 660 virtute

228 685 404 730 excellit,
437 693 520 732 144,
548 687 630 730 162,
659 684 740 728 163,
773 693 856 727 200,
889 684 973 728 2263

229 745 402 784 novitios
418 745 606 789 instituit,
626 744 711 791 532.

178 805 352 844 Silveira
371 805 546 853 Joannes
568 804 634 848 de,
661 804 772 840 Prior
796 803 846 839 de
872 803 976 839 Ron-

226 865 438 908 convalles,
456 866 541 908 226,
561 864 645 911 278.

177 923 350 962 silveira
365 929 407 962 et
422 924 619 972 Sylveira,
638 923 879 964 Ludovicus‚
900 922 975 960 Co·

226 996 312 1022 mes
328 984 589 1027 sorteliensis,
611 992 692 1030 142,
714 984 795 1027 162,
819 981 900 1019 163.

165 1043 364 1089 -silveira,
382 1045 558 1087 Simeon,
578 1043 661 1089 513.

175 1102 460 1148 Sinzenhofem
478 1104 708 1141 Pancratius
731 1103 795 1146 de,
815 1102 975 1151 Episco-

226 1175 301 1212 pus
332 1164 620 1201 ratisbonensis
655 1161 973 1212 (Regensburg),

231 1231 314 1262 121.
885 1262 888 1265 .

179 1282 309 1326 Sola,
331 1283 582 1326 Montserrat,
606 1282 798 1320 Societati
820 1283 887 1319 dat
907 1294 976 1319 no-

228 1353 335 1386 men,
355 1341 442 1388 235.

178 1401 300 1447 Solis,
318 1403 553 1439 Franciscus
577 1402 642 1446 de,
657 1403 877 1451 Episcopus
894 1404 975 1439 bal-

185 1481 187 1483 >
225 1463 499 1510 neoregiensis
516 1464 791 1512 (Bagnorea),
811 1463 871 1500 30.

176 1521 366 1566 Sonuius,
386 1523 620 1560 Franciscus
645 1524 695 1560 de
714 1524 879 1572 Campo,
899 1524 975 1560 Re—

224 1579 312 1620 ctor
328 1583 598 1621 universitatis
612 1585 869 1627 lovaniensis,
891 1583 972 1630 134.

175 1641 290 1689 Sosa,
311 1643 510 1681 Antonius
523 1645 592 1688 de,
611 1645 702 1688 tiro,
722 1645 805 1693 269.

175 1701 618 1752 Sosa,‘christophorus
631 1704 696 1747 de,
716 1705 800 1752 269.

177 1760 294 1806 Son,
311 1763 479 1800 Michat‘il
497 1764 561 1807 de,
581 1765 666 1812 269,
685 1763 769 1810 528.

175 1819 287 1868 Sota,
319 1821 509 1867 Didacus,
539 1824 759 1872 Episcopus
782 1824 975 1861 mindoni—

224 1882 358 1920 censis
374 1883 681 1932 (Mandanae),
700 1884 785 1932 398.

177 1940 292 1986 soto,
309 1942 466 1986 Petrus,
485 1943 536 1982 Ο.
555 1945 617 1991 Ρ.,
631 1944 775 1982 Carolo
793 1946 829 1981 V
846 1958 868 1982 a
885 1957 976 1982 con-

226 2000 482 2046 sessionibus,
503 2011 584 2049 115.

178 2057 322 2103 Souna,
341 2060 648 2109 Christophorus
665 2061 729 2106 de,
752 2071 833 2108 105.

179 2116 340 2167 Spain,
358 2125 496 2168 portus
513 2121 693 2165 Genuae,
712 2121 773 2158 31.

181 2175 386 2226 Spindola,
404 2179 559 2226 Petrus,
581 2182 818 2229 negotiator,
837 2190 922 2229 417.

181 2235 321 2284 Spirae
337 2238 526 2287 (speyer)
538 2239 693 2277 diaetae
707 2242 794 2278 sive
807 2254 978 2279 conven-

228 2297 288 2334 tui
305 2298 434 2335 Faber
451 2299 578 2343 adest,
601 2309 682 2337 122.

179 2354 407 2394 standonht
423 2363 465 2394 et
481 2358 696 2404 Standone„
711 2362 901 2408 Joannes,
917 2371 976 2408 55.

106 2448 110 2454 .
180 2414 346 2459 Suarez,
362 2416 697 2463 Soares,Xuarez,
714 2421 778 2458 Fr.
788 2423 978 2468 Joannes,

228 2475 549 2522 augustinianus,
582 2479 800 2529 Episcopus
834 2482 980 2519 conim-

228 2535 436 2580 bricensis,
454 2539 559 2575 bene
575 2539 626 2576 de
650 2541 848 2578 Societate
865 2543 981 2579 meri-

229 2599 310 2639 tus,
329 2606 391 2644 92,
414 2598 497 2645 164.
520 2607 601 2646 194.

180 2653 331 2693 suarez
358 2657 409 2694 de
439 2658 636 2707 Carvajal,
668 2661 857 2708 Joannes,
889 2663 979 2711 Epi-

229 2718 564 2764 scopus'lucensis
583 2720 752 2769 (Lugo)‚
773 2730 856 2758 212.

179 2770 330 2812 Susrez
341 2775 392 2813 de
410 2777 620 2824 Figueroa,
635 2779 887 2824 Laurentius,
903 2782 978 2820 Co-

229 2845 315 2870 mes
331 2834 383 2871 de
399 2836 515 2873 Feria
537 2843 579 2874 et
602 2839 776 2875 Marchio
798 2839 848 2876 de
871 2841 977 2878 Prie-

227 2903 296 2940 go,
316 2894 399 2932 228.

1430 411 1477 450 Τ

1050 496 1223 551 Tapper,
1256 504 1448 549 Ruardus,
1485 507 1723 543 lovaniensis
1758 508 1842 543 uni-

1098 564 1298 599 versitatis
1355 564 1642 609 Cancellarius,
1698 567 1841 613 Ignatii

1097 623 1495 659 commentationibus
1513 631 1733 667 exercetur,
1759 625 1840 668 130,

1099 681 1181 728 1333
1197 683 1342 719 nostris
1356 683 1530 719 Lovanio
1544 684 1841 720 discedentibus

1097 743 1292 789 providet,
1315 742 1395 789 139,
1419 751 1500 788 154.

1047 801 1214 844 Tavera,
1243 802 1430 845 Didacus,
1453 804 1652 849 generalis
1676 805 1842 852 Inquisi-

1097 866 1158 896 tor
1174 861 1281 904 fidei,
1303 870 1386 907 227,
1406 870 1490 908 277.

1046 920 1213 962 Tavera,
1235 922 1408 967 Joannes
1427 921 1553 957 Pardo
1571 922 1634 965 de,
1655 922 1841 959 Cardina-

1094 979 1143 1016 lis
1179 986 1219 1016 et
1256 981 1588 1029 Archiepiscopus
1628 984 1840 1025 toletanus,

1095 1033 1179 1085 223,
1199 1049 1282 1086 277·

1046 1099 1215 1140 Tavora,
1242 1099 1371 1141 Anna,
1397 1099 1610 1137 Comitissa
1632 1101 1681 1137 de
1706 1102 1841 1140 Casta-

1095 1159 1245 1202 nheira‚
1268 1168 1349 1206 195.

1046 1219 1186 1262 Taxis,
1223 1220 1407 1264 Mathias,
1451 1227 1651 1268 postarum
1690 1234 1841 1264 cursor,

1094 1278 1178 1322 300,
1199 1278 1284 1325 373.

1046 1339 1214 1386 Tejeda,
1231 1340 1405 1386 Joannes
1422 1340 1486 1383 de,
1501 1341 1585 1387 448.

1047 1400 1316 1443 Theobaldus,
1334 1402 1478 1447 gallus,
1502 1401 1581 1446 143.

1048 1460 1310 1504 Theodosius,
1333 1469 1390 1507 17.

1048 1520 1234 1563 Thomas,
1257 1521 1315 1563 S.,
1335 1531 1372 1567 9,
1390 1521 1453 1564 66,
1475 1529 1555 1567 177,
1576 1523 1659 1567 2163
1676 1523 1846 1570 explica-

1097 1585 1162 1616 tur
1178 1580 1219 1616 in
1237 1581 1373 1616 schola
1388 1581 1613 1627 gandiensi,
1633 1581 1717 1628 364.

1047 1640 1245 1683 Thronus,
1265 1641 1604 1685 Bartholomaeus,
1624 1651 1684 1689 91.

1048 1700 1310 1744 Titelmanus,
1336 1701 1583 1745 Franciscus,
1603 1702 1654 1740 O.
1674 1704 1735 1748 F.‚
1760 1702 1844 1748 371.

1048 1760 1195 1796 Tituan
1213 1765 1253 1796 et
1270 1761 1442 1804 Tetuan,
1463 1761 1544 1807 518,
1567 1770 1650 1807 520.

1048 1819 1214 1862 Toledo,
1234 1820 1388 1866 Joanna
1404 1821 1468 1863 de,
1485 1821 1696 1858 Comitissa
1709 1822 1759 1858 de
1773 1821 1848 1859 Or-

1095 1890 1184 1926 gaz,
1203 1877 1287 1915 388.

1048 1938 1214 1981 Toledo,
1235 1939 1378 1975 Petrus
1397 1939 1462 1982 de,
1483 1940 1631 1975 Prorex
1644 1940 1847 1988 Neapolis,

1050 2057 1202 2094 Toledo
1216 2064 1257 2094 et
1270 2057 1427 2102 Osorio,
1444 2059 1666 2096 Fridericus
1681 2061 1847 2107 (Fadri-

1100 2119 1210 2165 que),
1242 2120 1416 2156 Marchio
1444 2122 1501 2156 III
1527 2121 1576 2156 de
1607 2121 1847 2157 Villafranca

1099 2178 1163 2215 del
1183 2179 1343 2223 Vierzo,
1363 2179 1447 2216 310.

1051 2238 1216 2282 Toledo,
1253 2241 1347 2276 urbs
1378 2240 1593 2288 Hispaniae
1623 2241 1848 2288 antiquissi-

1102 2312 1165 2336 ma
1179 2328 1190 2343 ,
1227 2299 1297 2336 328
1314 2312 1323 2347 3
1359 2301 1601 2338 domicilium
1636 2302 1848 2339 Societatis

1101 2365 1225 2408 optat,
1244 2361 1329 2407 3293
1348 2362 1534 2398 invisitur
1551 2375 1573 2398 a
1596 2364 1738 2405 Fabro,
1760 2362 1845 2405 233,

1102 2419 1187 2466 2343
1223 2432 1271 2456 eo
1305 2421 1469 2457 divertit
1499 2422 1726 2467 Santacruz,
1760 2421 1845 2468 3743

1100 2480 1358 2516 concionatur
1377 2481 1518 2524 Araoz,
1538 2481 1622 2525 386,
1650 2482 1734 2528 398,
1761 2492 1844 2528 490.

1053 2540 1210 2582 Tomar,
1231 2541 1295 2576 Fr.
1317 2541 1514 2577 Antonius
1533 2542 1597 2585 de,
1613 2541 1696 2587 535,
1713 2541 1797 2588 543.

1053 2600 1207 2645 Tomar,
1230 2601 1416 2648 oppidum
1435 2601 1715 2648 Portugalliae,
1732 2602 1849 2638 sedes

1101 2660 1194 2696 olim
1209 2662 1387 2709 equitum
1402 2661 1563 2700 Ordinis
1578 2662 1738 2706 Christi,
1761 2670 1845 2707 514.

1051 2720 1305 2765 Tordesillas,
1321 2721 1508 2768 oppidum
1518 2722 1746 2769 Hispaniae,
1763 2731 1846 2766 229.

1051 2780 1220 2817 Tortosa
1237 2781 1473 2827 (Dertusa),
1500 2782 1624 2829 patria
1648 2782 1848 2818 Francisci

1098 2839 1149 2876 de
1180 2840 1351 2888 Saboya:
1384 2852 1433 2876 eo
1456 2841 1567 2876 venit
1593 2842 1732 2886 Araoz,
1765 2850 1846 2886 150,

1105 2900 1187 2936 168.

1050 2959 1194 2996 Torres
1209 2966 1249 2996 et
1263 2962 1493 3004 Turrianus,
1511 2962 1759 3004 Franciscus,
1776 2961 1845 2997 So-

1098 3019 1286 3056 cietatem
1306 3021 1525 3066 ingressus,
1544 3029 1604 3067 97.

1050 3079 1209 3123 Torres,
1231 3082 1300 3116 Dr.
1322 3081 1486 3116 Michael
1507 3081 1570 3123 de,
1589 3081 1626 3122 6,
1646 3081 1681 3125 83
1700 3081 1846 3115 Romae
