2196 3548
934 256 1014 293 ΑΝ.
1045 255 1136 302 1543
1239 294 1241 296 ,
1790 261 1861 299 123

102 366 130 407 ‘21
187 356 457 414 ,mnia
485 357 685 401 fructum
712 370 933 416 magnum
960 363 1138 415 spectat
1165 364 1483 403 emanaturum
1521 359 1532 380 ¹
1570 375 1674 405 cum
1711 363 1858 419 gratia

119 450 164 471 -1·
194 433 407 491 Romuli,
431 433 626 478 maxime
646 441 888 492 postquam
910 449 937 479 a
957 433 1151 479 concilio
1173 441 1445 490 reuertetur,
1469 451 1561 493 quo
1582 440 1716 482 etiam
1740 446 1858 482 tem—

138 519 332 575 pte
341 524 480 556 unam
508 510 773 569 Scripturae
798 511 1042 557 lectionem
1069 511 1325 557 Cardinalis
1352 527 1402 556 se
1437 514 1592 571 legere
1623 529 1756 572 posse
1786 516 1858 559 di-

197 586 290 645 xit,
311 594 401 637 ete.
1707 634 1715 644 ,

249 665 517 724 ..Magister
537 666 721 721 Lainez,
752 666 831 724 qui
851 673 921 711 est
948 665 1170 719 Venetiis,
1208 679 1255 710 11
1281 666 1487 725 Januarii
1514 668 1672 712 scribit
1699 669 1859 713 simili—

127 744 169 810 2
166 744 290 802 Q,
320 743 440 789 ultra
465 758 732 789 communes
757 743 1096 803 occupationes,
1126 758 1232 788 cum
1254 758 1404 788 nouae
1424 751 1578 789 sectae
1598 746 1859 790 hominibus

133 832 480 889 aonuersan,
505 828 553 866 et
572 822 714 866 semel
733 821 917 879 publice
937 836 1043 867 cum
1064 821 1246 866 duobus
1261 821 1514 878 juuenibus
1530 823 1750 877 locutum,
1776 838 1859 868 ex-

52 952 56 958 ,
127 955 179 967 ἢ
141 890 362 958 positis
381 911 540 943 eorum
560 899 883 956 opinionibus,
880 905 934 944 et
948 898 1228 958 reprehensi,
1248 912 1353 942 cum
1371 898 1686 944 aedificatione
1703 908 1859 945 astan-

80 996 82 1001 r
150 971 332 1022 tium·
341 975 430 1021 visi
454 982 563 1020 sunt
590 977 775 1021 tandem
802 990 915 1023 uero
942 975 1152 1022 assentiri
1179 983 1227 1020 et
1253 976 1312 1020 ab
1339 975 1631 1034 opinionibus
1658 985 1859 1022 mutatos

158 1065 320 1101 §sse-
336 1053 474 1103 Alius
487 1053 656 1112 pariter
665 1053 867 1111 juvenis,
887 1061 1108 1107 mutatus,
1127 1053 1294 1098 librum
1307 1054 1550 1110 quemdam
1566 1055 1857 1099 lutheranum

114 1175 137 1197 ,ΙΙ
132 1128 304 1188 ubl,
326 1137 381 1176 ut
399 1132 704 1185 combureret,
728 1131 856 1177 illum
877 1131 1019 1185 dedit,
1044 1130 1316 1189 promittens
1342 1132 1534 1189 posthac
1557 1132 1671 1176 tales
1698 1132 1860 1176 lectio-

104 1209 148 1273 ij
193 1203 285 1253 ms
304 1213 361 1254 et
377 1209 750 1254 conuersationes
777 1208 1126 1268 malignantium
1156 1209 1334 1267 fugere,
1365 1215 1412 1255 et
1438 1209 1497 1253 ad
1525 1209 1858 1254 confessionem

116 1275 163 1349 μ’
201 1284 465 1344 fiequenter
488 1287 722 1332 accedere:
753 1286 832 1344 qui
859 1293 906 1332 et
933 1292 1092 1344 postea
1117 1286 1257 1330 alium
1285 1286 1418 1330 duxit
1438 1286 1534 1331 ad
1522 1301 1688 1344 ipsum,
1719 1302 1747 1331 a
1767 1301 1858 1344 quo

122 1348 170 1420 ‘733⁵
192 1362 266 1414 «ἰᾷ
284 1362 515 1422 aliquibus
546 1379 736 1422 operum
769 1363 1061 1423 opinionibus
1097 1364 1311 1419 edoctus,
1342 1378 1424 1421 per
1451 1363 1646 1422 gratiam
1673 1363 1859 1409 Domini

146 1433 383 1506 Jueritati
402 1442 650 1500 acquieuit
676 1443 810 1487 Alter
830 1441 1123 1488 concionator
1143 1441 1351 1487 similiter
1372 1441 1516 1495 uenit,
1536 1449 1583 1486 et
1598 1441 1686 1486 sibi
1701 1448 1859 1486 osten-

138 1500 277 1581 {gfdtt
288 1520 523 1578 quasdam
557 1519 906 1578 propositiones,
946 1533 1061 1577 quas
1087 1519 1136 1564 in
1162 1519 1461 1564 concionibus
1488 1519 1681 1573 dixerat,
1712 1519 1791 1576 qui
1812 1526 1860 1563 et

115 1595 170 1697 3.st
192 1595 406 1658 {amisit
430 1597 654 1661 catholice
688 1597 871 1652 iterum,
911 1597 991 1642 ubi
1027 1597 1154 1655 prius
1181 1597 1374 1651 dixerat,
1404 1596 1573 1642 ibidem
1610 1611 1855 1654 exponere.

159 1667 161 1669 ¹
158 1672 355 1735 ,Afius
369 1675 570 1720 habebat
604 1654 840 1732 quendam
868 1675 1035 1720 librum
1066 1674 1458 1733 superstitionum,
1482 1690 1565 1733 pro
1586 1689 1678 1731 quo
1698 1675 1862 1732 decem-

81 1798 84 1799 .
120 1749 157 1766 ⁴
143 1756 331 1812 φατε
349 1751 444 1797 sibi
457 1753 784 1808 offerebantur;
808 1752 1118 1798 nihilominus
1124 1759 1277 1797 tamen
1297 1752 1362 1798 illi
1383 1759 1436 1796 ut
1457 1753 1746 1798 combureret
1771 1752 1858 1796 do-

148 1813 382 1910 ἒπειιίι,
347 1830 366 1854 ’
404 1836 495 1876 etc.
1232 1843 1234 1846 ·

102 1923 103 1926 ’
126 1919 174 1977 ζ,
236 1863 403 1954 Item
421 1914 527 1967 post
546 1907 743 1966 scripsit,
762 1909 991 1966 quomodo
1008 1910 1063 1953 R.
1068 1907 1143 1944 dus
1169 1907 1423 1966 Episcopus
1439 1909 1638 1954 Sanctae
1655 1907 1856 1952 Trinita-

147 1982 261 2050 hs
271 1977 505 2032 *donauit
524 1986 767 2044 quemdam
791 1987 943 2031 locum
960 1985 1443 2036 conuenientissimum
1467 2000 1549 2043 pro
1571 1985 1856 2030 scholaribus

124 2063 139 2085 ³
155 2061 457 2122 sumemus,
488 2063 568 2121 qui
594 2071 704 2109 sunt
730 2063 924 2118 Patavii,
956 2070 1003 2108 et
1029 2078 1121 2121 quo
1147 2063 1409 2122 suppeditet
1436 2063 1743 2121 prouisionem
1772 2077 1856 2120 pro

120 2141 165 2222 ἓξ
160 2144 396 2212 φῦτυοι·
413 2140 632 2200 ipsorum.

97 2223 99 2226 ⁴
258 2220 534 2275 Praeterea
559 2219 741 2278 scripsit
761 2221 819 2264 de
846 2219 1103 2277 frequentia
1130 2219 1468 2264 confessionum
1496 2227 1543 2263 et
1570 2217 1856 2263 communio-

114 2277 167 2326 {55
144 2294 318 2363 ῒξῇιπιω
312 2294 379 2342 in
396 2297 707 2356 publicatione
721 2297 928 2355 jubilaei,
953 2297 1017 2342 ita
1038 2304 1090 2341 ut
1110 2297 1346 2349 uideretur
1368 2303 1549 2354 tempus
1569 2297 1782 2354 paschae,
1802 2304 1856 2340 ut

118 2361 487 2440 {wnfingeret
512 2389 604 2434 pro
639 2374 879 2420 audiendis
915 2373 1279 2420 confessionibus
1315 2390 1343 2420 a
1369 2389 1503 2419 mane
1531 2375 1589 2418 ad
1616 2388 1855 2432 uesperam

110 2472 229 2540 ρ’
263 2474 285 2511 '⁸
331 2488 579 2532 POLANCUS,
597 2488 710 2534 ibid„
731 2500 823 2537 pag.
846 2497 928 2535 114,
947 2500 987 2524 n.
1007 2497 1073 2535 54;
1101 2487 1296 2525 Cartas...
1323 2489 1389 2525 del
1408 2489 1459 2524 Β.
1475 2488 1619 2533 Fabro,
1649 2492 1679 2524 t.
1707 2498 1734 2531 1,
1761 2500 1854 2536 pag.

127 2575 130 2577 Δ
143 2545 371 2602 Um
373 2547 521 2586 —Post
543 2549 711 2586 verbum
734 2551 1027 2587 emanaturum
1051 2548 1330 2585 continuantur
1351 2549 1450 2585 haec
1473 2548 1574 2585 alia:
1600 2549 1692 2585 licet
1709 2549 1856 2584 multo-

123 2624 127 2627 <
140 2611 295 2667 &som
308 2609 646 2658 expectationem,
661 2613 776 2658 quae,
795 2609 887 2658 quia
904 2609 1040 2646 sensui
1057 2608 1250 2652 officiunt,
1269 2609 1488 2646 omisimus.

263 2665 285 2695 ³
330 2669 577 2712 Pommcus,
596 2669 712 2714 ibid,
731 2681 822 2718 pag.
846 2678 927 2712 111,
947 2681 987 2705 n.
1010 2677 1070 2715 51.

164 2775 166 2778 .
242 2723 283 2754 ¹
330 2727 412 2772 sic,
427 2727 499 2766 sed
521 2728 600 2766 dici
619 2729 742 2766 debet
758 2730 899 2767 Prior.
921 2729 1102 2766 Andreas
1126 2728 1366 2777 Lipomanus
1383 2728 1679 2776 (Lippoman0)‚
1705 2740 1728 2764 a
1751 2728 1855 2775 prio—

108 2795 124 2814 ·³
143 2791 297 2843 assuto,
313 2799 432 2838 quem
449 2789 631 2826 Venetiis
648 2790 835 2834 habebat,
855 2790 976 2837 vulgo
994 2789 1106 2826 Prior
1129 2788 1172 2825 S.
1196 2789 1403 2838 Trinitatis
1422 2789 1657 2837 appellatus,
1682 2787 1853 2824 reditum

108 2865 155 2903 :Jj
171 2842 357 2890 ,zms
378 2849 588 2898 prioratus,
612 2862 732 2899 quem
756 2850 911 2887 Patavii
935 2849 1166 2898 possidebat
1182 2836 1338 2894 (domus
1362 2851 1408 2886 B.
1428 2849 1576 2885 Mariae
1595 2847 1854 2895 Magdalenae

117 2904 245 2962 ῗ-’ᾒὲω
258 2909 475 2948 vocabatur
491 2915 533 2946 et
550 2909 698 2947 ordinis
711 2911 858 2948 Beatae
872 2910 1019 2947 Mariae
1033 2909 1369 2947 Theutonieorum
1383 2912 1497 2955 erat),
1513 2908 1706 2955 Collegiis
1719 2908 1855 2944 Socie-

107 2960 290 3010 autu
306 2969 405 3018 Jesu
421 2969 575 3007 Patavii
598 2975 640 3007 et
658 2971 840 3008 venetiis
859 2970 1131 3008 sustentandis
1151 2969 1380 3007 destinavit.
1400 2969 1549 3013 Cartas
1567 2970 1615 3005 de
1631 2969 1717 3005 San
1731 2968 1855 3016 Igna-

149 3019 319 3072 θέαι.
335 3037 365 3072 1,
383 3039 473 3078 pag
493 3038 579 3076 240·
583 3038 668 3076 241;
688 3030 934 3074 ΡοιΑΝουε,
954 3031 984 3068 l.
1003 3042 1050 3076 c„
1068 3035 1098 3066 t.
1114 3039 1141 3073 1,
1156 3041 1246 3078 pag.
1265 3038 1347 3073 112,
1363 3042 1402 3066 ιι.
1419 3038 1480 3075 51;
1495 3030 1855 3069 BRAUNSBERGER,

112 3088 155 3146 ’,ς’
192 3086 231 3125 l.
246 3098 298 3132 c„
315 3098 407 3137 pag.
431 3097 513 3136 190,
532 3094 666 3148 annot.
686 3099 722 3126 2.
