2190 3510
391 244 462 278 622
1125 245 1296 281 IchEs

764 408 805 446 ,1

389 523 561 569 Jacobus
579 525 851 568 Bononiensis,
871 524 953 569 253,
972 523 1037 559 301
1053 550 1060 567 ‚
1086 521 1169 566 302,

438 581 521 628 304,
541 581 625 618 328.

389 642 560 687 Jacobus
587 642 724 686 Maria,
749 641 1066 687 mediolanensis,
1097 641 1171 675 Va-

437 701 595 736 lentiam
611 702 767 745 missus,
781 701 836 737 ibi
850 700 972 747 degit,
988 710 1070 746 249,
1087 698 1169 744 253,

435 760 474 795 in
492 760 631 796 studiis
645 772 723 795 non
736 759 900 807 proficit:
917 760 974 795 rei
987 758 1171 794 domesti-

434 830 502 858 cae
528 819 734 864 addicitur,
754 819 842 865 285,
862 820 950 864 287,
975 818 1040 853 301
1057 845 1064 862 ,
1084 818 1167 863 317,

434 877 518 923 343,
542 877 625 924 348,
645 877 733 924 355;
759 879 860 924 fugit
885 891 906 914 e
930 878 1064 922 domo3
1084 877 1167 923 392,

433 946 516 983 4193
532 939 782 985 postlongam
790 938 1057 986 probationem
1067 938 1169 973 Gan-

433 997 519 1032 diae
537 997 577 1032 in
596 996 791 1033 Societate
809 998 872 1044 pie
891 997 1066 1040 moritur,
1084 995 1166 1041 438.

384 1056 556 1101 Jacobus
573 1056 784 1100 Romanus,
803 1064 862 1101 713
883 1055 1169 1091 Conimbricam

434 1114 545 1161 petit,
580 1124 639 1160 92,
675 1114 754 1159 106;
786 1115 990 1150 Valentiae
1021 1114 1167 1158 studet,

437 1173 516 1218 181,
536 1173 619 1219 253;
639 1174 786 1209 Romae
810 1186 832 1209 a
853 1173 1050 1209 Societate
1075 1173 1167 1209 defi-

432 1231 498 1268 cit:
518 1232 559 1267 in
576 1233 799 1268 nosocomio
817 1233 991 1276 moritur,
1010 1231 1093 1268 302.

383 1290 701 1336 Jativa1(Setabis
713 1294 750 1326 et
765 1290 976 1335 Saetabis),
992 1291 1084 1325 urbs
1098 1290 1166 1324 Hi-

431 1349 590 1396 spaniae
619 1349 660 1385 in
688 1361 811 1395 regno
835 1349 1048 1392 valentino,
1079 1358 1164 1395 419,

431 1407 515 1454 438.

382 1466 530 1513 Javier,
538 1467 697 1510 Xavier,
713 1466 920 1510 Xaverius,
930 1467 1036 1501 Stus.
1047 1467 1161 1501 Fran-

429 1525 571 1570 ciscus,
591 1525 719 1571 Ignati
735 1526 839 1561 filius
861 1525 1106 1569 carissimus,
1125 1525 1165 1560 in

429 1584 626 1632 Societate
660 1584 899 1620 instituenda
928 1585 1071 1628 socius,
1108 1593 1162 1629 113

396 1672 398 1674 .
428 1645 574 1691 primus
593 1643 802 1680 Societatis
827 1644 1078 1687 secretarius,
1104 1653 1163 1688 20,

398 1731 400 1733 ,
427 1712 487 1749 29,
506 1702 566 1747 36,
583 1713 644 1748 40,
663 1702 723 1748 87,
741 1702 801 1748 933
821 1703 971 1738 litteras
989 1703 1028 1738 in
1046 1704 1165 1738 Euro-

427 1773 516 1808 pam
535 1761 674 1806 mittit,
698 1770 782 1807 157,
812 1771 897 1808 197;
923 1774 1011 1797 cum
1035 1761 1165 1797 fructu

426 1821 466 1857 in
483 1821 672 1868 Hispania
689 1822 891 1867 leguntur,
912 1831 979 1866 225
993 1832 1001 1866 ;
1020 1821 1165 1856 conim-

425 1879 626 1915 bricenses
639 1885 813 1924 movent,
828 1879 910 1924 2313
926 1881 1022 1915 mira
1035 1880 1084 1916 de
1098 1880 1164 1916 illo

426 1938 688 1985 perferuntur,
698 1937 870 1983 232-234,
887 1938 969 1983 243,
981 1947 1063 1984 245,
1080 1938 1162 1983 265,

426 1996 508 2041 276,
528 1996 744 2033 clarissima
761 1996 866 2032 illius
885 1997 987 2031 fama
1001 1997 1041 2031 in
1055 1997 1165 2033 Lusi-

393 2055 544 2100 tania,
564 2064 647 2102 559.

376 2115 524 2161 Javier,
544 2115 643 2151 alius
660 2126 683 2150 a
702 2115 785 2151 Sto.
805 2115 1013 2150 Francisco
1037 2115 1163 2150 Xave-

423 2173 494 2214 rio,
518 2182 598 2219 140.

375 2232 451 2278 Jay
468 2233 536 2276 (le)
551 2231 676 2278 Jaius,
690 2231 893 2275 Claudius,
908 2231 968 2276 643
984 2231 1162 2268 Ratisbo-

424 2302 510 2334 nae,
540 2299 621 2335 120,
650 2299 731 2335 125,
760 2290 844 2335 165;
872 2291 921 2325 ab
945 2296 1162 2336 augustano

421 2349 619 2385 Cardinali
636 2350 803 2395 electus,
822 2354 866 2384 ut
884 2348 968 2394 ejus
987 2350 1071 2384 loco
1096 2350 1162 2385 tri-

420 2408 605 2444 dentinae
635 2407 786 2455 synodo
816 2407 1048 2452 interesset,
1076 2407 1159 2454 304;

420 2468 552 2513 magni
569 2467 613 2503 fit
630 2468 679 2503 ab
698 2466 890 2514 Episcopo
915 2466 1159 2512 eistadiensi,

421 2527 505 2574 351,
524 2526 607 2572 356;
629 2527 851 2572 Augustam
876 2531 1054 2571 vocatur,
1075 2526 1158 2573 393,

422 2586 505 2631 394·

371 2645 487 2690 Jerez
504 2644 553 2680 de
578 2645 614 2679 la
637 2645 826 2679 Frontera
849 2644 968 2688 (Asta
993 2644 1156 2692 Regia)

419 2705 510 2738 urbs
529 2703 727 2747 Baeticae,
746 2702 871 2749 patria
889 2702 1157 2750 Christophori

418 2763 466 2797 de
485 2762 693 2806 Mendoza,
713 2771 801 2806 22ο;
826 2761 1065 2807 domicilium
1090 2763 1156 2798 So-

418 2820 552 2855 cietati
570 2820 746 2863 offertur,
765 2818 850 2865 273,
869 2819 952 2863 282,
969 2819 1051 2865 397,
1073 2830 1154 2866 5053

419 2879 522 2924 Mag.
543 2879 687 2925 Lopez,
704 2877 942 2914 Societatem
961 2878 1153 2924 ingressu-

415 2949 516 2983 rum,
551 2937 745 2972 astienses
779 2948 828 2971 ex
860 2936 922 2971 via
956 2943 1155 2984 revocant,

416 3003 499 3041 545,
520 2995 604 3041 546,
625 3003 707 3041 575,
730 2995 810 3040 576·

1245 346 1423 391 Jimenez
1455 348 1504 384 de
1544 350 1728 387 Cisneros
1746 378 1754 395 ,
1795 353 2026 399 Cardinalis,

1293 405 1323 439 F
1325 406 1538 452 ranciscus,
1558 407 1640 444 228.

1245 463 1438 511 Joaehim,
1460 465 1540 512 139.

1245 523 1410 570 Joanna,
1429 524 1558 563 Caroli
1575 527 1611 561 V
1629 533 1766 574 mater,
1784 538 1867 574 229.

1245 583 1397 627 Joanna
1413 611 1422 629 ,
1468 584 1601 620 Infans
1646 587 1874 635 Hispaniae.
1926 589 2028 665 Vide

1293 641 1467 686 Austria,
1487 644 1639 689 Joanna
1656 645 1719 681 de.

1244 699 1431 747 Joannes,
1449 702 1636 750 Princeps
1651 705 1928 753 Portugalliae‚
1945 705 2026 754 164.

1243 759 1416 803 Joannes
1435 761 1490 795 III
1507 762 1592 797 Rex
1610 763 1886 810 Portugalliae,
1900 765 1938 811 6;
1957 761 2026 804 δσ-

1289 818 1473 854 cietatem
1491 819 1632 867 diligit,
1650 822 1711 868 76,
1729 833 1790 869 92,
1803 822 1865 869 93,
1881 832 1964 870 1053
1975 825 2027 861 ab

1290 876 1442 922 Ignatio
1460 878 1678 925 professum
1695 881 1794 927 petit
1815 882 1882 930 qui
1905 880 2024 919 filiam

1290 936 1330 971 in
1359 936 1570 973 Castellam
1599 939 1821 985 comitetur,
1851 949 1933 987 124;
1959 954 2025 980 ve-

1290 994 1445 1030 nientes
1467 995 1507 1030 in
1531 995 1771 1033 Lusitaniam
1801 997 1929 1035 socios
1955 1000 2024 1036 hu-

1290 1053 1515 1089 manissime
1539 1055 1699 1102 excipit,
1727 1056 1808 1103 164,
1831 1057 1911 1102 167,
1941 1057 2023 1104 168;

1290 1111 1375 1158 ejus
1393 1112 1517 1159 pietas
1535 1119 1575 1148 et
1587 1113 1741 1161 religio,
1757 1115 1925 1163 169-173,
1942 1125 2022 1163 194;

1288 1176 1477 1217 quantum
1495 1171 1550 1208 illi
1566 1173 1711 1209 debeat
1728 1173 1921 1219 Societas,
1941 1179 2022 1222 197,

1292 1238 1372 1275 199,
1392 1240 1480 1275 2023
1506 1230 1591 1277 ejus
1615 1231 1791 1267 studium*
1810 1241 2024 1280 propagan-

1287 1288 1360 1324 dae
1377 1289 1483 1334 fidei,
1502 1289 1584 1336 2313
1604 1291 1818 1327 liberalitas
1839 1291 1880 1328 in
1896 1291 2025 1328 socios

1286 1348 1633 1394 conimbricenses,
1653 1350 1737 1396 267,
1755 1358 1841 1398 401,
1861 1359 1945 1397 514.

1239 1408 1411 1453 Joannes
1440 1409 1564 1452 Stus.‚
1596 1410 1874 1447 monasterium
1902 1423 2024 1459 prope

1287 1465 1365 1502 San
1383 1467 1477 1503 Fins
1494 1467 1534 1504 in
1552 1468 1806 1516 Portugallia,
1826 1467 1910 1515 530.

1239 1523 1412 1568 Joannes
1429 1538 1467 1560 v.
1487 1526 1763 1573 Brandeburg,
1788 1525 1966 1563 Marchio
1982 1532 2024 1564 et

1287 1583 1457 1629 Elector,
1480 1593 1560 1619 122.

1239 1641 1346 1687 Josa,
1361 1642 1562 1678 Elisabeth
1575 1643 1639 1690 de,
1658 1636 1715 1689 18,
1723 1641 1785 1690 34,
1801 1651 1882 1690 111;
1897 1643 2024 1682 scien-

1286 1701 1427 1737 tiarum
1455 1702 1671 1750 disciplinis
1701 1703 1905 1749 instructa,
1939 1713 2020 1751 125,

1287 1769 1370 1806 247.

1237 1821 1360 1868 Juan,
1390 1822 1613 1858 Honoratus
1630 1849 1639 1866 ,
1670 1823 1800 1859 Caroli
1829 1822 2020 1872 Principis

1285 1876 1472 1927 magister
1487 1908 1496 1924 ,
1542 1881 1757 1928 Episcopus
1796 1881 2020 1918 oxomensis

1284 1940 1466 1986 (Osma),
1487 1948 1569 1986 277.

1237 2000 1354 2045 Juan,
1373 1999 1528 2046 Petrus,
1551 1999 1633 2046 176,
1649 1999 1733 2045 413.

1237 2057 1365 2104 Julius
1377 2058 1448 2102 III,
1463 2058 1555 2094 olim
1569 2058 1786 2095 Cardinalis
1800 2058 1850 2095 de
1868 2059 2003 2096 Monte

1283 2117 1385 2152 Vide
1404 2118 1550 2153 Monte.

1604 2206 1655 2245 Κ

1236 2292 1391 2337 Kessel,
1411 2291 1649 2337 Leonardus,
1667 2291 1704 2335 6,
1720 2291 1756 2337 8,
1776 2290 1834 2336 58.

1606 2380 1648 2419 1.

1234 2467 1393 2514 Lainez,
1423 2468 1740 2514 Christophorus,
1771 2468 1909 2514 Jacobi
1939 2467 2016 2503 fra-

1281 2531 1354 2573 ter,
1373 2527 1536 2562 Romam
1554 2526 1661 2572 adire
1678 2527 1840 2573 cogitat,
1858 2526 1943 2573 397.

1233 2584 1391 2631 Lainez,
1416 2586 1601 2631 Jacobus,
1627 2585 1767 2621 tertius
1793 2583 1938 2631 Ignatii
1954 2597 2015 2621 so-

1279 2643 1363 2679 cius
1380 2644 1421 2680 in
1437 2644 1642 2680 condenda
1657 2644 1871 2690 Societate‚
1896 2643 1936 2691 6,
1954 2643 2015 2691 16,

1278 2701 1340 2746 30,
1363 2701 1424 2748 36,
1447 2711 1508 2748 41;
1534 2703 1696 2738 Parmae
1720 2707 1762 2737 et
1790 2701 2015 2738 Plasentiae

1277 2761 1542 2797 concionatur:
1563 2761 1612 2796 ad
1627 2760 1867 2797 Societatem
1883 2761 2019 2808 plures

1278 2819 1452 2866 adducit,
1471 2819 1530 2866 53,
1550 2829 1610 2866 54,
1630 2819 1690 2866 58,
1708 2819 1769 2865 64,
1787 2819 1849 2867 69,
1873 2827 1935 2866 7ο,
1951 2819 2012 2864 87;

1278 2879 1466 2914 Venetias
1484 2879 1580 2925 adit,
1604 2878 1746 2914 missus
1763 2891 1785 2914 a
1808 2878 2012 2926 Pontifice,

1277 2937 1338 2984 96,
1377 2937 1458 2984 108,
1496 2937 1576 2982 1233
1612 2937 1804 2985 promittit
1837 2938 2013 2984 Ignatius

1277 2997 1444 3043 Borgiae
1479 2997 1623 3033 Lainez
1654 2997 1845 3034 Gandiam
1876 3002 2012 3033 ventu-
