2196 3548
337 243 405 278 126
930 244 1164 278 EP1STOLAE
1198 242 1364 276 MJXTAE

330 345 586 388 clanculum
610 345 792 388 fouebat
808 342 1195 395 lutheranismum,
1216 342 1398 397 quando
1413 343 1559 398 palam
1576 350 1737 400 coepta
1753 349 1822 387 est
1837 357 1966 388 com-⁸

331 421 486 464 munio
507 420 742 477 utriusque
763 420 943 477 speciei,
968 419 1092 463 exuit
1113 419 1352 471 cucullam,
1378 426 1423 462 et
1445 426 1654 476 receptus
1675 419 1721 462 in
1737 426 1960 476 pastorem

333 497 550 542 ecclesiae
565 497 925 554 malignantium,
945 503 1045 553 post
1063 495 1317 551 quindecim
1338 496 1476 539 ferme
1492 495 1588 539 dies
1599 497 1724 552 justo
1741 496 1826 540 Dei
1837 497 1967 554 judi-⁷

333 574 404 618 cio
439 573 724 618 acerbissime
760 574 807 616 in
835 589 888 616 ea
916 573 1116 629 corporis
1146 572 1215 615 sui
1242 579 1369 628 parte
1398 579 1559 625 tortus,
1591 587 1681 628 qua
1708 573 1969 630 uotifragus

333 650 517 694 libidine
539 651 703 704 uictus,
727 653 876 694 Deum
899 650 1120 706 sacrilego
1142 649 1426 692 matrimonio
1443 648 1713 702 irritauerat,
1738 651 1969 694 horrenda

334 734 478 771 morte
504 727 706 784 oppetiit:
732 742 860 783 quos,
892 727 1015 778 dicit,
1047 726 1210 782 ipsum,
1242 733 1484 781 antequam
1507 732 1661 782 aperte
1688 726 1962 783 desiperent,-

336 805 531 847 fraterne
552 804 660 847 satis
681 804 995 857 commouisse3
1021 804 1154 846 luxus
1177 810 1327 845 tamen
1355 802 1501 859 magis
1521 803 1568 845 in
1589 802 1654 846 eis
1675 810 1721 846 et
1741 793 1970 860 cupiditas

333 880 602 937 praeualuit;
627 895 717 936 qua
738 880 1029 937 experientia,
1054 878 1216 935 inquit,
1236 879 1417 922 abunde
1439 886 1640 936 apparet,
1661 894 1796 935 quam
1813 879 1970 923 uitan-

335 958 422 1000 dus
442 957 500 1000 sit
521 957 775 1000 haereticus
796 959 946 1009 homo,
966 964 1067 1012 post
1089 971 1224 999 unam
1247 957 1321 998 uel
1338 956 1523 998 alteram
1541 955 1833 999 monitionem
1856 955 1885 1000 ¹.

425 1035 535 1077 Item
557 1034 728 1086 scribit,
754 1035 875 1089 quod
897 1032 1202 1090 praesentauit
1222 1031 1397 1088 copiam
1413 1031 1601 1088 jubilaei
1624 1032 1862 1089 Episcopo,
1888 1032 1971 1088 qui.

330 1111 468 1167 Jussit
488 1111 696 1167 imprimi,
721 1118 767 1154 et
787 1110 834 1153 in
856 1126 938 1154 sua
958 1109 1151 1153 dioecesi
1173 1108 1412 1166 publicari:
1442 1116 1547 1152 ante
1575 1116 1725 1153 tamen
1753 1124 1852 1153 eam
1877 1116 1970 1166 pu-
2000 1123 2002 1125 ·

337 1187 623 1230 blicationem
645 1187 814 1242 aliquot
836 1187 906 1230 sui
928 1186 1057 1230 amici
1087 1185 1217 1229 factis
1245 1185 1389 1228 tribus
1411 1185 1618 1242 jejuniis,
1649 1185 1967 1242 eleemosynis„

335 1264 694 1307 confessionibus
715 1278 767 1306 ac
789 1263 998 1306 omnibus
1024 1262 1294 1319 praemissis,
1320 1263 1498 1319 publice
1519 1262 1592 1306 die
1613 1261 1852 1306 Dominico
1873 1270 1966 1306 non

272 1357 277 1359 “
336 1340 435 1383 sine
456 1339 765 1383 aedificatione
786 1339 1249 1383 communicauerunt.

426 1418 536 1459 Item
565 1416 731 1471 inquit:
763 1416 970 1471 quamuis
1006 1415 1188 1459 difficile
1224 1415 1282 1459 sit
1308 1417 1457 1473 lapsos
1494 1430 1729 1469 reuocare,
1768 1415 1974 1459 creditur

340 1500 490 1537 tamen
512 1493 633 1548 quod
653 1492 808 1535 diuina
829 1491 1132 1535 misericordia
1159 1492 1332 1548 aliquos
1359 1493 1453 1536 suis
1479 1492 1751 1536 lectionibus·
1776 1492 1975 1536 retineat

338 1576 385 1613 et
405 1569 592 1626 priuatis
613 1569 1016 1621 adhortationibus,
1041 1583 1154 1624 quos
1182 1584 1520 1626 nonnumquam
1543 1570 1737 1613 titubare
1762 1569 1905 1613 nouit.

427 1648 554 1698 Item,
587 1646 708 1701 quod
738 1645 956 1688 Bauariae
986 1645 1219 1702 Principes
1245 1654 1352 1689 sunt
1379 1646 1729 1690 constantissimi
1754 1654 1837 1703 pro
1863 1643 1975 1690 reli*

338 1723 474 1781 gione
509 1722 750 1775 catholica,
783 1729 833 1764 ut
860 1723 916 1765 ab
943 1723 1212 1766 aduersariis
1238 1723 1343 1767 fidei
1369 1724 1536 1766 bellum
1564 1723 1807 1780 patiantur:
1847 1723 1974 1779 quod⁴

340 1807 491 1843 tamen
513 1799 694 1842 uidetur
713 1801 840 1842 Deus
862 1798 1038 1842 dedisse
1060 1799 1146 1842 illis
1173 1800 1402 1856 singulare
1429 1801 1598 1844 donum
1626 1800 1752 1853 fidei,
1783 1806 1830 1843 et
1856 1814 1970 1844 con-

338 1876 549 1920 stantiam
571 1874 817 1928 Gedeonis;
841 1883 948 1918 sunt
969 1876 1086 1918 enim
1109 1876 1251 1932 parati
1278 1878 1532 1933 expendere
1559 1890 1716 1920 omnes
1743 1877 1863 1920 uires
1887 1891 1975 1933 pro

339 1954 429 1996 fide
450 1952 686 2006 catholica;
710 1959 756 1995 et
778 1953 899 2007 quod
920 1953 1053 1996 citius
1081 1954 1280 1996 facerent
1299 1953 1583 2010 dispendium
1605 1961 1750 1996 status
1775 1960 1822 1997 et
1849 1952 1975 1996 uitae

339 2029 546 2086 propriae
569 2028 819 2086 (inquiunt)
849 2044 982 2084 quam
1004 2029 1232 2086 patiantur
1257 2031 1473 2086 populum
1501 2045 1634 2072 suum
1661 2029 1887 2074 declinare
1913 2029 1975 2073 ad

339 2105 736 2158 lutheranismum3
776 2105 1105 2161 prohibuerunt
1141 2106 1259 2149 enim
1287 2108 1372 2150 sub
1399 2121 1545 2163 poena
1572 2107 1749 2160 mortis,
1781 2121 1839 2149 ne
1870 2106 1976 2162 quis

341 2197 525 2226 suorum
547 2181 828 2225 subditorum
850 2182 1164 2238 ingrederetur
1181 2182 1488 2236 Ratisbonam,
1508 2184 1652 2226 donec
1669 2182 1971 2240 resipisceret.

342 2260 400 2302 Et
420 2258 575 2302 scribit
595 2273 676 2314 pro
697 2258 783 2301 illis
804 2258 1024 2301 instanter
1040 2265 1192 2302 oretur
1213 2265 1244 2302 ¹.

430 2336 487 2378 Et
508 2334 619 2391 ipse,
645 2335 767 2390 quod
787 2336 940 2378 studet
960 2335 1143 2392 linguae
1165 2336 1464 2392 germanicae,
1490 2336 1594 2379 licet
1616 2337 1709 2392 jam
1738 2343 1862 2380 aetas
1893 2335 1972 2379 uix

340 2411 536 2468 patietur
557 2411 652 2454 uoti
673 2411 743 2455 sui
764 2411 860 2454 fieri
882 2419 1151 2468 compotem,
1171 2419 1217 2455 et
1233 2413 1333 2466 alia3
1354 2427 1494 2468 seque
1509 2413 1719 2456 omnibus
1739 2427 1974 2457 commen-

341 2488 435 2540 dat,
460 2495 506 2530 et
526 2490 697 2531 Doctor
718 2489 898 2540 Scotus,
923 2489 970 2531 in
991 2491 1109 2545 Xpo.
1135 2488 1445 2544 amicissimus,
1470 2497 1558 2533 etc.

431 2564 787 2622 Superscriptio:
815 2566 845 2617 ’ί-
872 2565 1078 2621 Epitome
1105 2565 1378 2620 aliquorum,
1410 2580 1526 2621 quae
1553 2566 1599 2608 in
1635 2565 1775 2609 literis
1812 2565 1970 2610 Socio—

343 2655 443 2683 rum
467 2641 614 2683 Patris
635 2640 813 2698 Ignatii,
838 2641 1107 2694 absentium,
1133 2643 1189 2685 ad
1216 2642 1394 2688 laudem
1422 2649 1468 2685 et
1495 2643 1683 2699 gloriam
1711 2643 1797 2687 Dei
1824 2642 1975 2687 conti-⁴

344 2723 525 2760 nentur.
558 2728 684 2772 1543.

417 2916 428 2938 ¹
457 2910 542 2952 'AD
572 2909 660 2952 Tlr.
692 2908 752 2959 111,
787 2919 1014 2964 10.—Quae
1038 2919 1348 2961 hictraduntur,
1380 2920 1607 2966 complexus
1637 2926 1698 2956 est
1728 2922 1973 2965 POLANCUS‚

346 2975 582 3020 Chronicon,
604 2981 632 3011 t.
652 2986 678 3018 1,
691 2984 787 3023 pag.
811 2985 890 3019 112,
910 2990 948 3012 n.
970 2987 1028 3022 52.

349 3045 352 3049 >
416 3030 430 3056 ¹
456 3064 458 3066 .
479 3028 598 3079 IDEM,
617 3037 776 3072 ibidem.
