2196 3548
352 246 424 283 336
956 249 1195 284 EPISTOLAE
1221 247 1390 282 MIXTAE

353 364 437 394 nos
464 351 520 394 de
547 364 601 393 su
628 350 783 407 gracia
808 364 916 407 para
944 364 1032 405 que
1064 362 1119 392 su
1155 346 1412 392 sanctisima
1441 346 1659 390 voluntad
1694 345 1925 400 sintamOS‚
1956 360 1986 404 y

353 428 530 483 aquella
549 433 857 471 enteramente
884 425 1177 482 cumplamos.

444 506 514 548 De
534 504 714 548 Gandia
734 508 760 546 a
783 504 839 547 26
860 504 916 547 de
938 504 1086 546 Enero
1114 512 1240 556 1547.

558 583 628 626 De
650 582 707 625 V.
735 583 787 624 Ρ.
813 595 969 624 menor
989 579 1082 635 hijo
1103 594 1161 623 en
1182 579 1224 623 el
1246 579 1392 623 Sefior
1413 585 1615 630 nuestro,

1203 656 1405 699 ANDRES
1437 669 1500 699 DE
1532 655 1742 699 Ovnzno.

385 763 388 768 .
443 735 788 791 Superscriptio:
824 736 923 793 Jhs.
963 734 1007 777 A
1042 739 1228 776 nuestro
1264 746 1322 776 en
1357 732 1437 775 X.⁰
1474 737 1661 776 nuestro
1693 732 1839 776 Sefior
1874 743 1984 787 muy

352 812 461 857 R.d0
486 815 536 856 Ρ.
564 814 697 856 Mtro.
723 811 899 868 Ignatio
920 810 976 854 de
1005 809 1189 866 Loyola,
1216 807 1453 865 Preposito
1480 808 1537 852 de
1563 808 1607 852 la
1634 808 1884 864 Compafiia
1911 807 1986 851 del

354 891 541 934 nombre
562 891 619 933 de
634 891 786 947 jhus.,
812 903 870 932 en
892 890 1050 931 Roma.
1550 898 1582 913 ⁵

1127 1058 1211 1099 99

882 1165 1205 1201 ALEXANDER
1234 1162 1458 1212 STROZZI

628 1269 835 1312 PATRI
876 1267 1136 1325 JoANNI
1183 1263 1293 1323 [DE
1342 1265 1704 1324 POLANco]
1767 1234 1771 1239 ’

816 1382 1054 1409 FLORENTIA
1080 1371 1126 1407 28
1150 1381 1346 1415 JANUARII
1374 1379 1464 1417 1547
1493 1374 1519 1407 ¹.

398 1476 658 1524 Spectandam
672 1475 1001 1523 opportunitatem
1018 1472 1067 1509 ad
1081 1472 1278 1518 agendum
1294 1472 1343 1508 de
1362 1472 1541 1518 Collegio
1558 1471 1659 1508 Pisis
1677 1471 1933 1509 instituendo.

444 1578 554 1623 R.d0
577 1575 797 1634 Magistro
813 1575 992 1634 Joanni.

442 1654 601 1700 Gratia
621 1653 804 1698 Domini
824 1652 966 1696 nostri
981 1653 1092 1710 Jesu
1114 1650 1300 1705 Christi,
1320 1658 1366 1695 et
1386 1650 1582 1695 charitas
1599 1650 1701 1704 Dei,
1721 1658 1768 1695 et
1782 1665 1987 1695 commu—

351 1732 516 1777 nicatio
538 1731 693 1777 Sancti
715 1730 924 1786 Spiritus,
950 1729 1008 1772 sit
1029 1743 1206 1785 semper
1227 1742 1331 1772 cum
1353 1728 1564 1771 omnibus
1585 1727 1731 1772 nobis.
1758 1730 1922 1773 Amen.

442 1811 508 1854 La
528 1823 681 1861 causa,
710 1808 754 1851 la
781 1807 914 1863 quale
941 1812 1094 1850 uostre
1120 1804 1389 1850 Reverentie
1410 1804 1675 1850 desiderano
1697 1806 1782 1849 che
1803 1804 1841 1849 si
1863 1805 1987 1850 tratti

351 1887 422 1931 col
444 1886 611 1943 Signor
631 1887 762 1929 Duca
783 1890 936 1927 nostro
964 1882 1083 1927 circa
1110 1882 1153 1926 al
1178 1880 1385 1938 Collegio
1405 1882 1522 1926 della
1549 1881 1816 1939 compagnia
1835 1887 1990 1927 vostra

352 1965 471 2008 nello
493 1962 643 2007 studio
659 1962 832 2018 pisano,
850 1963 909 2004 ha
930 1960 1123 2016 bisogno
1143 1959 1188 2002 di
1201 1973 1333 2003 esser
1354 1965 1537 2003 trattata
1557 1958 1604 2002 in
1624 1967 1776 2016 tempo
1797 1974 1989 2016 apropo—

353 2041 456 2094 sito,
480 2040 512 2083 il
532 2040 665 2096 quale
686 2045 778 2082 rion
799 2039 825 2082 e
847 2038 888 2082 al
910 2044 1133 2093 presente,
1159 2051 1239 2093 per
1266 2050 1358 2079 non
1379 2035 1417 2080 si
1446 2042 1599 2081 trouar
1619 2036 1667 2080 in
1687 2037 1723 2080 F
1726 2036 1877 2081 irenze
1896 2037 1991 2082 Sua

354 2116 628 2162 Eecellentia
649 2122 695 2159 et
715 2114 823 2172 ogni
839 2109 969 2157 'uolta
984 2128 1074 2169 que
1090 2128 1172 2157 sua
1194 2112 1472 2157 Excellentia
1487 2112 1528 2156 ci
1549 2115 1667 2166 sara,
1686 2112 1724 2157 si
1742 2115 1872 2170 potra
1886 2127 1991 2170 par-

354 2196 481 2240 larne
503 2195 536 2238 ².
2017 2245 2020 2249 1

444 2273 502 2314 Et
522 2271 686 2327 perche
713 2267 878 2312 habbia
905 2282 1065 2312 manco
1092 2267 1312 2310 difficulta
1338 2281 1551 2323 appresso
1578 2268 1672 2312 Sua
1698 2267 1988 2320 Eecellentia,

354 2348 546 2406 bisogna
572 2347 604 2390 il
633 2347 761 2390 fauor
789 2346 906 2389 dello
935 2346 1076 2388 Illmo.
1108 2351 1153 2389 et
1182 2346 1311 2388 Rmo.
1340 2343 1579 2388 Cardinale
1610 2343 1656 2387 di
1693 2345 1874 2402 Burgos
1891 2346 1924 2397 ⁵,
1959 2344 1991 2388 il

429 2463 439 2483 ¹
489 2461 548 2496 Ex
567 2459 806 2505 autographo
823 2457 863 2493 in
882 2459 959 2493 vol.
980 2458 1029 2501 A,
1049 2457 1164 2493 unico
1181 2456 1290 2501 folio,
1308 2468 1348 2492 n.
1371 2455 1451 2502 178,
1471 2456 1578 2503 prius
1596 2456 1680 2502 426.

425 2522 439 2542 2
489 2520 580 2565 Egit
593 2518 735 2554 deinde
750 2528 820 2553 suo
834 2522 1009 2563 tempore
1022 2516 1070 2551 de
1084 2517 1155 2552 hac
1169 2528 1210 2552 re
1224 2528 1313 2552 eum
1328 2516 1439 2551 Duce
1453 2514 1688 2560 Florentiae,
1708 2516 1866 2561 Cosmo,
1884 2515 1989 2552 idem

357 2579 595 2623 Alexander,
614 2583 657 2614 ut
682 2582 847 2613 testatur
872 2577 1078 2620 Polancus,
1103 2576 1130 2612 Ζ.
1157 2588 1205 2619 c.,
1229 2581 1259 2611 t.
1285 2585 1312 2620 1,
1337 2586 1426 2622 pag.
1453 2585 1536 2621 229,
1561 2588 1600 2610 n.
1629 2575 1716 2621 185:
1743 2575 1991 2612 «Alexander

357 2639 575 2683 Strozzius,
595 2636 654 2673 vir
675 2648 838 2682 magnae
860 2635 962 2682 apud
987 2637 1139 2671 Ducem
1157 2635 1400 2671 auctoritatis
1418 2639 1458 2670 et
1476 2634 1684 2671 Societatis
1702 2640 1858 2671 nostrae
1877 2634 1991 2671 valde

354 2698 567 2742 studiosus,
587 2698 739 2733 Ducem
755 2697 931 2731 hortatus
946 2701 1020 2738 est,
1036 2695 1084 2730 ad
1098 2695 1319 2740 Collegium
1332 2694 1488 2741 aliquod
1502 2694 1542 2729 in
1560 2706 1631 2729 sua
1649 2694 1798 2730 ditione
1810 2694 1993 2730 inchoan-

357 2758 464 2802 dum;
485 2762 524 2792 et
541 2769 631 2792 cum
648 2768 758 2791 suam
781 2766 937 2802 operam
956 2755 1047 2790 Dux
1065 2754 1289 2798 obtulisset,
1314 2754 1532 2789 affirmabat
1555 2753 1660 2789 idem
1687 2754 1926 2799 Alexander,
1952 2754 1993 2790 in

355 2817 610 2854 renovatione
640 2815 870 2857 studiorum,
895 2826 995 2862 quae
1019 2814 1120 2850 Pisis
1145 2814 1258 2850 brevi
1281 2812 1461 2850 facienda
1489 2819 1587 2858 erat,
1618 2813 1773 2849 initium
1803 2812 1995 2860 ejusmodi

361 2876 529 2923 Collegii
545 2875 585 2911 in
602 2876 669 2911 illa
685 2874 847 2911 civitate
866 2886 908 2909 se
926 2886 1122 2921 sperare.»

432 2937 447 2958 ⁵
496 2937 588 2971 Erat
605 2939 699 2970 tunc
717 2935 887 2980 Joannes
907 2933 1074 2968 Alvarez
1088 2933 1137 2968 de
1154 2933 1316 2968 Toledo.
1332 2932 1574 2976 POLANCUS,
1589 2932 1701 2974 ibid„
1718 2937 1745 2967 t.
1761 2941 1788 2976 1,
1803 2943 1892 2979 pag.
1907 2940 1991 2980 249,

359 3009 398 3032 n.
418 3004 501 3031 211.
520 2994 582 3030 Illi
598 2995 638 3030 in
656 2993 758 3029 Sede
775 2993 969 3038 Burgensi
985 2992 1175 3028 successit
1192 3003 1292 3028 anno
1314 3000 1404 3038 1549
1422 2991 1652 3028 Franciscus
1670 2991 1719 3027 de
1737 2991 1928 3027 Mendoza
1951 2995 1992 3027 et

361 3055 575 3098 Bobadilla,
594 3064 763 3100 purpura
780 3053 897 3087 etiam
917 3057 1075 3103 ornatus
1093 3064 1194 3088 anno
1215 3060 1318 3097 1544.
