2196 3548
328 277 377 322 56
929 280 1164 314 Emsromss
1191 276 1358 311 M1XTAE

328 378 436 433 Hoy
454 379 513 421 ha
539 379 685 422 1166110
711 379 756 421 13
781 377 1038 423 confession
1066 376 1266 432 general.
1299 376 1380 420 Sta
1405 389 1538 420 cerea
1557 375 1615 418 de
1642 376 1756 420 Sant
1782 376 1959 430 Victo1,

326 453 475 496 donde
495 455 772 511 algunos·en
793 462 892 498 otro
930 453 1094 509 tiempo
1121 466 1170 495 se
1202 466 1285 494 son
1322 451 1618 494 exercitados.
1644 451 1799 495 Cierto
1827 452 1958 507 todos

324 530 394 572 los
418 544 741 587 companyeros
782 545 944 587 speran
970 531 1135 572 mucho
1156 528 1300 570 deste.
1319 529 1530 579 ΔΝι165ῐ10
1564 528 1709 572 Sefior
1735 527 1848 571 Dios
1875 541 1958 585 por

325 618 381 649 su
401 606 570 650 bondat
597 621 656 650 no
683 607 892 663 permitta
918 621 1006 662 que
1028 620 1135 648 sean
1162 605 1279 648 della
1307 604 1572 647 frustrados.
1599 605 1643 647 A
1663 603 1873 648 studiado
1897 612 1958 661 ya'

324 694 380 725 su
399 696 548 735 curso,
572 697 602 738 y
623 690 719 726 esta
740 697 975 739 quaresma
997 682 1151 738 piensa
1172 681 1228 723 de
1251 693 1405 724 azerse
1427 681 1641 724 Maestro.
1674 680 1840 725 Pienso
1867 694 1956 738 que

324 759 383 802 ha
403 758 460 802 de
481 773 621 816 ponet
643 759 780 816 fuego
802 774 859 802 en
880 760 923 802 la
945 758 1093 811 tierra,
1118 757 1156 800 si
1177 757 1270 800 sale
1291 771 1421 800 como
1449 770 1679 813 speramos
1701 757 1730 800 ¹.
1761 759 1836 802 Vn
1854 763 1960 803 otro

325 836 544 879 mancebo
565 850 622 891 ay
642 837 834 889 catalan,
860 850 948 891 que
969 837 1027 878 ha
1047 834 1223 878 dexado
1244 834 1301 877 de
1329 833 1502 877 studiar
1527 834 1652 889 leyes
1679 848 1761 890 por
1785 833 1958 878 studiar

326 912 568 968 theologia,
593 913 840 956 solamente
855 927 937 969 por
952 912 1091 968 poder
1107 914 1203 953 mas
1219 909 1363 954 5611111·
1385 914 1411 953 a
1432 916 1619 955 nuestro
1636 911 1797 955 Senot.
1818 910 1960 956 Com-

325 988 529 1044 mulgase
549 988 619 1031 sin
642 990 772 1032 faltar
793 990 904 1032 cada
924 987 1154 1044 domingo:
1180 987 1400 1030 mancebo
1421 987 1478 1030 de
1499 1001 1608 1043 muy
1628 988 1751 1030 buen
1765 985 1956 1043 jacheim

324 1063 398 1107 del
413 1065 518 1120 qual
533 1079 761 1121 speramos
777 1072 875 1108 otro
893 1072 1017 1107 tanto
1035 1078 1122 1120 que
1138 1064 1211 1106 del
1232 1063 1441 1119 primero.
1467 1063 1697 1120 Domingo
1715 1076 1954 1120 aragone8‚

325 1140 565 1184 conoscido
586 1142 742 1194 dellos,
767 1156 995 1198 speramos
1017 1139 1214 1183 tambien
1236 1155 1296 1182 vn
1317 1139 1392 1183 dia
1412 1140 1565 1184 destos
1586 1155 1726 1196 poner
1747 1154 1805 1183 en
1825 1153 1955 1184 exer·

324 1216 469 1269 citios,
494 1218 551 1260 de
587 1218 720 1261 modo
749 1233 837 1273 que
858 1232 1085 1274 speramos
1107 1231 1196 1272 que
1223 1231 1309 1260 eon
1335 1216 1488 1262 laiuda
1514 1217 1572 1260 de
1598 1223 1785 1263 nuestro
1810 1217 1956 1262 Sefior

324 1307 374 1336 se
395 1308 422 1336 a
442 1294 499 1336 da
525 1294 661 1337 hazer
686 1309 748 1337 vn
775 1309 890 1351 gran
918 1295 1073 1347 frutto,
1103 1306 1134 1349 y
1170 1307 1227 1336 en
1264 1294 1403 1336 breue
1426 1293 1608 1350 tiempo.
1639 1295 1744 1340 Don
1770 1293 1919 1350 Diego
1940 1291 1961 1338 ²

268 1383 271 1384 ⁷
323 1384 511 1425 nunqua
531 1385 683 1423 cessa,-
698 1386 728 1427 y
749 1371 888 1414 eierto
909 1385 968 1414 no
990 1370 1060 1413 sin
1082 1385 1196 1427 gran
1219 1370 1381 1413 fructo.
1406 1371 1496 1414 Los
1513 1376 1641 1414 ,otros
1668 1369 1850 1414 studian
1869 1382 1957 1413 con

322 1431 574 1502 diligentia,
599 1448 695 1490 5010
718 1448 960 1492 Sbrando³
981 1461 1029 1490 65
1050 1446 1180 1490 stado
1202 1460 1259 1489 en
1281 1446 1324 1489 la
1345 1460 1474 1490 cama
1493 1461 1608 1490 vnos
1625 1452 1819 1502 quantos
1838 1445 1954 1500 dias3

325 1523 455 1566 todos
476 1525 543 1566 los
564 1530 687 1567 otros
707 1531 809 1567 stan
836 1539 944 1580 muy
962 1524 1152 1566 buenos.
1440 1565 1443 1567 .

412 1601 517 1643 Don
539 1601 681 1643 Paulo
704 1600 823 1643 tiene
845 1600 1085 1643 necessitat
1102 1600 1158 1642 de
1179 1614 1270 1643 vna
1290 1599 1472 1643 licentia
1486 1615 1596 1657 para
1616 1599 1686 1643 dir
1706 1599 1722 1622 ⁴
1743 1599 1788 1643 10
1803 1597 1962 1644 officio

323 1690 490 1730 nueuo;
515 1680 611 1719 ansi
628 1691 710 1733 por
726 1692 851 1720 amor
872 1678 929 1720 de
949 1676 1060 1720 Dios
1081 1690 1170 1731 que
1191 1676 1234 1719 la
1254 1675 1436 1721 embien
1456 1692 1487 1733 y
1507 1683 1676 1733 presto.
1703 1677 1740 1720 E
1760 1690 1843 1733 por
1858 1681 1958 1722 esta

325 1767 384 1796 no
406 1757 517 1796 mas.

411 1831 481 1873 De
504 1830 632 1873 Paris
648 1835 674 1873 a
702 1841 750 1885 15
769 1830 826 1873 de
849 1830 992 1874 Giner
1014 1832 1027 1853 ⁵
1055 1842 1181 1887 1541.

411 1907 471 1949 Al
492 1906 581 1949 mio
602 1907 864 1953 charissimo
887 1907 1059 1951 fratello
1075 1911 1146 1966 Jo.
1175 1908 1383 1966 Philippo
1404 1909 1543 1952 molto
1565 1922 1638 1951 me
1659 1905 1958 1951 recomanda-

323 1988 435 2034 rete,
459 1989 506 2025 et
525 1983 610 2026 3116
632 1982 833 2026 oratione
854 1983 911 2026 de
933 1984 1038 2027 tutti
1059 1985 1090 2027 li
1113 1985 1229 2029 altri.

528 2088 539 2110 ,·
1092 2063 1255 2106 Vester
1276 2061 1323 2104 in
1341 2061 1539 2115 Christo,

970 2139 1046 2195 Jo.
1082 2139 1408 2183 HIERONYMUS
1441 2140 1731 2183 DOMENECH.

412 2213 767 2269 superscriptio:
793 2219 821 2266 †
856 2213 1052 2257 Domino
1089 2214 1282 2271 Ignatio,
1322 2216 1587 2272 presbytero
1624 2211 1863 2259 societatis
1897 2212 1957 2256 de

324 2288 505 2332 nomine
520 2291 648 2347 Jesu,
673 2291 859 2333 Romae.

397 2421 408 2454 ¹.
458 2419 564 2454 Inter
587 2431 668 2461 eos,
694 2419 836 2466 quibus
859 2420 902 2455 P.
929 2420 1155 2456 Domeneeh
1185 2421 1343 2457 Parisiis
1368 2421 1584 2468 spiritualia
1607 2420 1795 2456 exercitia
1816 2431 1954 2468 propo-

320 2483 454 2513 suerat
472 2478 640 2525 «primus
658 2478 733 2514 fuit
750 2479 793 2513 P.
815 2479 983 2524 Jacobus
1003 2480 1196 2515 Miron...»
1221 2482 1409 2516 POLANCI
1430 2480 1667 2524 Chronicon,
1689 2485 1718 2515 t.
1735 2488 1763 2522 1,
1782 2490 1872 2527 pag.
1890 2477 1950 2525 93,

322 2549 360 2572 n.
380 2535 439 2572 30.
443 2537 744 2579 ——Catalaunus,
763 2537 812 2573 de
836 2549 912 2584 quo
935 2539 1067 2574 statim
1092 2545 1153 2574 est
1177 2551 1318 2581 sermo,
1342 2545 1502 2575 vocatur
1519 2540 1560 2575 111
1584 2539 1751 2586 epistola
1770 2537 1952 2587 sequenti

323 2597 551 2632 Franciseus
570 2597 698 2639 Calsa,
718 2597 1025 2632 barcinonensis.
1978 2597 1981 2598 ⁷

392 2658 406 2677 ²
457 2657 517 2690 De
535 2657 672 2701 Eguia.
693 2656 836 2692 Mansit
852 2656 976 2691 adhue
995 2657 1218 2702 aliquandiu
1236 2658 1410 2700 Parisiis,
1430 2658 1501 2694 sed
1517 2657 1618 2694 hoc
1607 2669 1693 2705 ipso
1716 2668 1831 2700 annO,
1851 2656 1953 2693 intra

322 2727 465 2762 paucos
483 2727 653 2758 menses,
672 2716 835 2750 Romam
854 2720 916 2750 est
931 2721 1153 2758 revocatuS‚
1174 2717 1288 2764 eique
1308 2718 1535 2753 Domeneeh
1553 2716 1758 2754 suecessit.

372 2806 374 2809 ,
391 2775 407 2795 ³
456 2775 627 2810 Isidorus
645 2775 799 2816 Bellini,
815 2775 909 2810 alias
924 2774 1122 2810 Sbrandus
1153 2776 1252 2811 Vide
1271 2777 1460 2812 POLANCI
1480 2777 1717 2820 Chronicon,
1734 2780 1764 2812 t.
1782 2785 1824 2817 11,
1839 2786 1878 2822 p.
1893 2773 1955 2818 31,

321 2838 454 2869 annot.
479 2843 511 2875 1,
531 2839 571 2869 et
588 2846 625 2880 p.
645 2833 703 2878 35,
724 2846 763 2869 n.
783 2841 843 2878 71,
862 2838 994 2868 annot.
1018 2843 1050 2869 1.

341 2927 343 2930 .
391 2895 407 2915 ⁴
454 2894 576 2937 decir,
597 2894 775 2929 recitare.
796 2893 932 2928 Sermo
951 2898 1011 2928 est
1028 2893 1076 2928 de
1095 2893 1235 2931 Officio
1254 2894 1338 2930 sive
1356 2895 1557 2931 Breviario
1574 2907 1597 2932 a
1614 2894 1730 2931 Card.
1746 2894 1957 2931 Francisoo

319 2953 524 2999 Quifiones
541 2953 786 2994 concinnato,
806 2952 855 2989 de
873 2964 948 2999 quo
973 2952 1063 2987 vide
1091 2952 1236 2988 cartas
1258 2955 1305 2989 de
1330 2954 1415 2989 San
1437 2955 1616 3002 Ignaciog
1637 2959 1666 2990 t.
1685 2963 1740 2996 IV,
1759 2964 1848 3000 pag.
1867 2951 1955 2998 498,

313 3012 501 3058 Append.
520 3021 562 3054 11,
582 3024 619 3047 n.
639 3011 674 3047 3.

391 3073 406 3093 ⁵
459 3071 587 3107 Giner
605 3070 813 3107 valentinis
832 3075 893 3106 est
911 3070 1132 3117 Januarius.
