2196 3548
922 245 1002 281 AN·
1034 253 1125 290 1547
1777 254 1848 291 457

193 362 277 406 per
296 347 492 406 gratiam
522 347 607 392 Dei
631 349 688 391 ad
710 350 798 392 hoc
820 347 1115 400 destinatum,
1141 346 1247 390 licet
1268 346 1471 389 nondum
1495 346 1694 391 venisset
1717 349 1845 401 hora,

191 439 250 470 eo
270 424 514 483 praecipue
534 425 642 481 quia
670 425 717 468 in
744 425 900 469 multis
928 431 974 469 et
1001 423 1138 468 variis
1165 422 1310 467 modis
1340 423 1542 479 requiem
1572 425 1775 480 quaesivi
1804 434 1850 470 et

192 517 351 549 veram
371 517 464 547 non
485 501 656 557 inveni,
683 510 925 547 moverunt
946 515 1019 546 me
1041 515 1330 558 summopere
1352 508 1444 544 tres
1466 502 1595 544 haec:

283 581 503 637 Exempla
525 579 712 634 Christi,
738 580 832 637 qui,
865 586 916 623 ut
943 579 1113 637 legitur
1141 578 1360 623 Matthaei
1388 579 1581 632 XXVII,
1612 593 1694 635 pro
1723 586 1850 623 tanto

190 672 383 702 munere
404 657 446 702 ei
467 673 494 702 a
509 657 690 715 judaeis
713 659 882 711 oblato,
908 657 1098 710 scilicet,
1123 671 1173 700 se
1194 656 1311 700 velle
1334 656 1519 700 credere
1541 654 1588 698 in
1611 670 1715 699 eum
1740 656 1778 699 si
1795 657 1852 700 de

191 750 333 781 cruce
367 736 689 789 descenderet,
721 749 837 793 opus
865 742 1050 779 nostrae
1075 732 1400 791 redemptionis
1432 733 1527 789 jam
1565 740 1778 790 coeptum
1806 742 1852 778 et

188 812 609 858 inconsummatum
633 813 890 870 relinquere
911 812 1072 856 noluit.
1100 813 1227 864 Item,
1247 811 1439 870 Joannis
1456 812 1535 865 IV,
1556 811 1686 854 dixit:
1708 811 1852 856 Cibus

190 905 323 935 meus
350 899 421 935 est
449 898 500 934 ut
529 890 690 935 faciam
720 891 1000 935 voluntatem
1028 889 1144 947 ejus,
1176 889 1255 945 qui
1277 903 1350 932 me
1371 888 1509 941 misit,
1541 896 1593 931 ut
1621 889 1851 946 perficiam

189 983 309 1026 opus
330 967 433 1013 Dei.
454 969 594 1022 Idem,
615 969 781 1013 XVIII:
803 969 904 1025 Ego
921 974 967 1012 te
983 967 1229 1011 clarificavi
1246 981 1385 1023 super
1402 974 1585 1019 terram,
1607 981 1722 1023 opus
1739 982 1852 1011 con—

190 1045 440 1099 summavi,
474 1047 598 1102 quod
624 1045 789 1090 dedisti
817 1045 944 1099 mihi,
977 1052 1027 1090 ut
1062 1044 1240 1089 faciam.
1272 1046 1407 1097 Item,
1441 1044 1548 1100 quia
1576 1045 1724 1101 placet
1751 1047 1852 1090 Deo
1921 1064 1923 1066 ·

190 1125 308 1168 haec
323 1123 543 1181 perfectio
561 1123 710 1180 operis
727 1130 774 1167 et
791 1122 893 1167 talis
909 1122 1030 1176 finis,
1051 1129 1098 1166 et
1113 1121 1295 1166 diabolo
1312 1122 1446 1165 valde
1467 1121 1691 1179 displicet.
1713 1123 1853 1179 Quod

192 1202 295 1246 Deo
310 1201 504 1258 placeat,
524 1200 695 1258 legitur
712 1202 865 1245 Lucae
881 1200 1007 1254 XIV,
1029 1199 1107 1256 qui
1123 1199 1341 1243 illudetur
1357 1198 1415 1253 ei,
1436 1199 1543 1256 quia
1559 1199 1709 1257 coepit
1726 1199 1853 1244 aedi-

194 1279 350 1333 ficare,
369 1285 416 1324 et
436 1293 530 1322 non
547 1277 696 1335 potuit
713 1292 1046 1322 consummare.
1067 1278 1196 1321 Item:
1218 1275 1312 1334 Qui
1328 1276 1690 1334 perseveraverit
1707 1291 1853 1334 usque

190 1356 242 1401 in
261 1356 417 1410 finem,
443 1356 598 1399 salvus
620 1354 722 1410 erit3
748 1354 869 1400 enim
893 1353 1156 1399 Bernardus
1178 1353 1256 1408 ait,
1292 1353 1400 1410 quia
1428 1354 1762 1411 perseverantis
1783 1362 1853 1399 est

189 1435 327 1479 heres
348 1433 480 1492 regni
503 1432 692 1478 aeterni.
719 1432 859 1490 Quod
880 1432 1062 1476 diabolo
1083 1431 1338 1490 displiceat,
1363 1430 1533 1489 legitur
1555 1433 1614 1476 III
1636 1431 1848 1477 Genesis:

189 1513 266 1556 Tu
288 1510 576 1556 insidiaberis
593 1511 809 1555 calcaneo
825 1510 940 1567 ejus,
961 1509 1151 1564 scilicet,
1172 1509 1269 1564 fini,
1290 1509 1365 1554 cui
1382 1508 1626 1567 praecipue
1642 1509 1853 1555 diabolus

188 1589 291 1648 ipse
311 1589 567 1634 insidiatur.
595 1589 781 1633 Adsunt
802 1587 940 1632 etiam
961 1587 1177 1642 rationes,
1203 1601 1322 1645 quae
1343 1602 1417 1632 me
1445 1596 1703 1632 moverunt:
1730 1589 1853 1645 quod

194 1682 356 1726 parum
383 1668 570 1726 prodest
597 1667 947 1711 fundamentum
977 1674 1023 1710 et
1051 1666 1264 1724 parietes,
1296 1665 1384 1710 nisi
1412 1672 1585 1710 tectum
1613 1673 1849 1722 sequatur3

191 1745 321 1800 item,
346 1746 471 1803 quod
491 1745 629 1790 etiam
652 1759 812 1803 parum
835 1745 1021 1803 prodest
1047 1759 1130 1803 per
1157 1759 1283 1788 mare
1313 1745 1546 1788 laborasse
1572 1744 1849 1802 navigando,

190 1823 234 1868 si
256 1830 367 1868 tunc
387 1823 518 1868 navis
546 1822 746 1882 perierit,
779 1823 963 1880 quando
991 1821 1143 1880 portui
1170 1837 1251 1880 per
1271 1823 1449 1866 leucam
1478 1837 1615 1866 unam
1647 1821 1853 1879 proxima

191 1901 347 1948 fuerit.
373 1901 556 1959 Quibus
572 1900 817 1954 stantibus,
838 1908 890 1944 ut
907 1900 1190 1955 confirmavi,
1210 1900 1431 1946 confirmo
1452 1907 1499 1944 et
1515 1901 1716 1958 approbo
1733 1901 1851 1944 hanc

191 1978 455 2038 opinionem
488 1986 534 2024 et
566 1978 914 2033 resolutionem;
946 1986 993 2023 et
1020 1978 1127 2035 quia
1159 1993 1320 2036 parurn
1354 1985 1425 2023 est
1458 1977 1546 2022 nisi
1579 1984 1848 2034 exequatur,

191 2063 433 2116 propterea
453 2072 528 2102 me
547 2057 819 2101 commendo
843 2058 896 2101 P.
923 2058 981 2102 V.
1004 2058 1058 2101 R.
1079 2071 1161 2114 pro
1178 2056 1277 2113 ejus
1299 2055 1607 2114 exequutione
1622 2062 1848 2113 paratum,

189 2136 576 2192 quandocumque
604 2136 662 2179 ad
689 2133 870 2178 libitum
905 2135 1027 2191 ejus,
1059 2133 1135 2178 cui
1171 2149 1246 2178 me
1275 2119 1324 2178 in
1361 2133 1574 2178 omnibus
1611 2133 1847 2186 submitto,

190 2227 331 2276 quem
352 2227 450 2267 oro,
476 2220 528 2257 ut
549 2212 732 2257 interim
753 2211 906 2257 omnia
926 2218 1103 2256 secrete
1123 2219 1458 2270 pertranseant.

283 2293 455 2337 Romae
478 2292 534 2335 28
557 2290 825 2335 Decembris
853 2301 982 2346 1547,
1003 2305 1085 2335 seu
1110 2291 1238 2346 1548,
1258 2290 1519 2348 incipiendo
1536 2305 1563 2334 a
1579 2288 1846 2334 Nativitate.

284 2370 397 2414 Post
418 2369 602 2427 scripta,
628 2369 732 2413 dico
755 2370 809 2412 P.
836 2370 894 2413 V.
923 2370 977 2413 R.
1004 2369 1128 2426 quod
1150 2383 1279 2413 mens
1295 2383 1396 2413 mea
1413 2375 1535 2412 esset
1551 2368 1598 2411 in
1614 2367 1760 2425 primo
1777 2366 1850 2412 die

189 2446 303 2492 anni
330 2448 458 2503 1548,
485 2461 602 2504 quae
624 2446 710 2491 erit
731 2446 959 2491 dominica
980 2447 1200 2504 proxima,
1226 2446 1390 2504 exequi
1412 2448 1532 2490 hanc
1554 2445 1759 2489 ultimam
1777 2459 1850 2489 re-

114 2572 116 2574 ,
189 2523 483 2580 solutionem3
508 2539 669 2569 verum
691 2539 784 2569 non
806 2524 887 2568 fiat
908 2524 1122 2569 voluntas
1144 2539 1260 2579 mea,
1286 2526 1368 2569 sed
1390 2532 1485 2579 tua,
1511 2523 1571 2567 mi
1595 2523 1642 2566 in
1665 2522 1849 2567 Christo

192 2603 332 2648 Pater
352 2602 677 2648 amantissime.
705 2602 843 2648 Volui
866 2610 1020 2647 tamen
1042 2601 1153 2646 mihi
1174 2603 1222 2647 in
1243 2605 1331 2648 hoc
1353 2601 1579 2647 satisfieri.

195 2666 199 2669 ’
919 2679 1143 2739 Indignus
1164 2681 1302 2735 filius,

1084 2759 1285 2804 GASPAR
1307 2774 1371 2804 DE
1393 2761 1601 2804 Dorrls.

277 2836 640 2895 Superscriptio:
667 2835 780 2881 R.d0
807 2836 855 2880 in
884 2836 1069 2882 Christo
1101 2836 1227 2881 Patri
1248 2839 1366 2882 D.n0
1389 2837 1569 2895 Ignatio
1592 2837 1649 2881 de
1671 2836 1844 2892 Lojola,

189 2913 461 2972 Praeposito
483 2914 699 2958 Generali
722 2913 966 2960 Societatis
981 2916 1111 2974 Jesu,
1137 2929 1221 2959 suo
1243 2906 1665 2960 osservandissimo.
