2196 3548
947 233 1028 269 AN.
1059 234 1150 279 1548
1413 248 1417 251 -
1802 236 1874 284 569

980 398 1101 461 *no

783 504 1028 553 JOANNES
1053 507 1310 554 QUERALT

447 607 698 652 PATRI
742 608 1050 667 JOANNI
1101 610 1200 652 DE
1253 610 1646 655 POLANCO

449 688 454 693 .
679 723 927 752 BARcmonn
945 714 992 752 23
1008 724 1251 752 novmfflms
1273 715 1364 762 1548
1384 718 1410 752 ¹.

558 817 621 853 De
638 818 787 866 templo
805 817 1016 855 Societatis
1034 818 1255 854 Barcinone
1272 818 1529 855 aedificando.

937 930 939 932 ·
1012 901 1102 983 nis.

307 1035 376 1080 La
394 1034 552 1094 gracia
572 1049 602 1092 y
623 1050 708 1093 paz
729 1035 788 1080 de
809 1036 930 1093 Xpo.
956 1042 1145 1079 nuestro
1167 1036 1314 1081 Senor
1335 1050 1414 1080 sea
1434 1035 1630 1093 siempre
1651 1051 1709 1080 θη
1731 1052 1871 1081 nues—

101 1079 142 1174 spi‘
214 1118 316 1158 tras
334 1112 494 1158 almas.
519 1113 688 1158 Amen.

110 1192 134 1204 ’
310 1189 592 1236 Charissimo
625 1191 790 1245 Badre:
823 1193 1008 1248 Porque
1037 1191 1148 1236 abra
1178 1191 1276 1236 solo
1306 1193 1427 1235 ocho
1458 1195 1486 1236 6
1517 1191 1615 1236 dies
1646 1192 1745 1236 dias
1782 1207 1873 1249 que

214 1266 459 1312 scriuimos
473 1267 621 1326 largo,
634 1282 693 1313 en
708 1275 807 1313 esta
822 1283 883 1312 no
899 1268 997 1313 dire
1013 1276 1114 1313 otra
1129 1283 1254 1323 cosa,
1273 1268 1375 1313 sino
1390 1269 1583 1326 replicat
1598 1270 1643 1314 lo
1659 1270 1821 1315 mismo
1835 1272 1869 1314 ².

196 1343 473 1391 'Sci-iuimos
492 1344 708 1404 pidiendo
729 1346 798 1390 los
819 1346 1072 1404 despachos
1093 1361 1204 1404 para
1223 1347 1268 1391 13
1288 1346 1491 1391 erection
1511 1348 1570 1391 de
1590 1363 1681 1392 vna
1696 1349 1874 1406 yglesia

207 1427 332 1481 'para
364 1423 410 1468 la
444 1423 714 1481 Compafiia:
753 1424 798 1468 13
832 1423 1107 1468 inuocacion
1137 1425 1257 1469 della
1287 1426 1346 1469 de
1377 1426 1578 1470 Nuestra
1609 1426 1785 1471 Sefiora
1815 1427 1874 1471 de

218 1501 459 1547 Bethleem
486 1501 541 1560 (si
568 1508 722 1546 tamen
748 1509 850 1547 otra
875 1516 983 1547 cosa
1004 1517 1065 1547 no
1086 1502 1366 1560 paresciesse
1386 1507 1414 1547 έι
1435 1510 1623 1548 nuestro
1646 1505 1794 1548 Padre
1814 1519 1872 1549 en

214 1578 340 1637 Xp0.
359 1581 498 1625 Mtte.
524 1579 736 1638 Ignatio),
760 1595 791 1638 y
812 1587 912 1625 esto
933 1595 1108 1638 porque
1129 1587 1323 1625 estauan
1343 1583 1535 1626 muchas
1557 1596 1775 1638 personas
1791 1583 1873 1627 de-

76 1626 126 1691 sss
217 1662 353 1702 notas
381 1656 441 1702 de
469 1657 516 1702 la
545 1657 801 1715 Compafiia
836 1657 1046 1702 mouidas
1083 1673 1172 1702 con
1197 1658 1552 1704 determination
1579 1660 1637 1703 de
1663 1674 1874 1718 comprar

110 1786 113 1792 ,
211 1733 363 1792 algua
382 1733 560 1780 asiento
579 1739 609 1780 ό
629 1735 765 1794 lugat·
784 1751 896 1794 para
916 1735 1103 1781 edificat
1123 1736 1260 1781 dicha
1279 1737 1473 1795 yglesia3
1498 1753 1528 1795 y
1550 1752 1681 1782 como
1709 1752 1759 1782 se
1779 1745 1873 1781 tra-

111 1818 114 1819 ’
197 1817 327 1859 ‚tana
340 1812 400 1858 de
413 1827 529 1858 vnas
545 1827 676 1858 casas
691 1828 751 1858 θη
764 1814 810 1859 13
824 1815 957 1872 placa
971 1815 1030 1859 de
1046 1815 1190 1861 Santa
1205 1816 1360 1871 Anna,
1380 1816 1447 1860 las
1462 1816 1621 1872 quales
1636 1815 1873 1873 parescian

218 1891 390 1935 mucho
415 1894 444 1936 3
463 1891 714 1950 proposito,
740 1907 883 1950 agora
909 1907 1020 1950 para
1045 1893 1089 1938 el
1115 1892 1278 1937 mismo
1305 1895 1469 1938 effecto
1503 1909 1554 1938 se
1582 1909 1641 1938 an
1668 1893 1870 1947 mouido,

213 1981 250 2025 y
270 1968 510 2014 senaladas
529 1983 613 2027 por
633 1984 744 2028 muy
764 1970 986 2028 parciales
1000 1972 1193 2015 muchas
1213 1975 1311 2015 mas
1332 1986 1552 2029 personas
1572 1987 1683 2029 muy
1703 1971 1875 2029 impor-

223 2050 392 2101 tantes,
426 2047 644 2092 tornando
675 2047 720 2092 la
751 2062 859 2092 cosa
879 2062 991 2106 muy
1012 2049 1071 2092 de
1098 2062 1248 2103 ueras,
1274 2048 1422 2107 gloria
1447 2054 1474 2094 3
1495 2056 1682 2094 nuestro
1709 2051 1871 2095 Sefior.

262 2163 266 2167 .
310 2125 523 2182 Despues
548 2125 608 2169 de
634 2126 779 2170 hauer
804 2124 944 2170 serito
970 2126 1040 2170 las
1065 2125 1270 2181 vltimas,
1300 2128 1459 2171 hemos
1490 2127 1609 2171 visto
1635 2142 1726 2172 vna
1753 2135 1879 2171 carta

216 2214 313 2259 que
331 2201 392 2246 de
410 2216 471 2260 ay
490 2201 692 2246 scriuian
712 2206 740 2247 3
761 2210 949 2248 nuestro
967 2204 1132 2258 Padre,
1152 2205 1196 2248 θ1
1210 2205 1371 2249 doctor
1387 2192 1555 2259 Araoz,
1575 2206 1710 2250 sobre
1726 2206 1770 2249 lo
1787 2220 1878 2261 que

215 2278 280 2323 de
301 2279 510 2325 Balentia
529 2280 685 2338 pidian
705 2279 1020 2338 dispensation
1041 2296 1151 2340 para
1171 2283 1313 2340 poder
1333 2283 1518 2327 edificar
1538 2283 1716 2341 yglesia
1731 2287 1758 2327 ἐι
1774 2282 1877 2327 cien

218 2370 381 2415 passos
401 2357 460 2402 de
479 2358 548 2403 las
570 2359 781 2404 Ordenes
802 2358 1132 2414 mendicantes,
1155 2374 1246 2417 que
1266 2360 1402 2406 dizen
1430 2360 1607 2405 ternian
1632 2360 1877 2418 priuilegio

213 2449 314 2492 que
331 2423 394 2480 1'10
414 2435 599 2493 puedan
619 2435 807 2480 edificat
827 2437 990 2481 dentro
1011 2437 1070 2482 de
1090 2437 1335 2483 trecientos
1356 2453 1514 2496 passos
1537 2440 1570 2482 ⁵.
1596 2439 1771 2482 Hemos
1793 2439 1877 2482 ad-

221 2511 402 2558 uertido
423 2527 515 2571 que
534 2520 657 2558 estas
678 2528 808 2558 casas
830 2529 920 2571 que
941 2529 991 2559 se
1013 2521 1164 2560 tratan
1188 2516 1247 2560 de
1271 2530 1480 2573 comprar
1506 2530 1564 2560 en
1591 2516 1635 2559 la
1662 2516 1792 2573 placa
1819 2516 1879 2560 de

218 2590 368 2637 Santa
387 2592 686 2636 Anna.estan
714 2592 774 2636 de
802 2592 869 2636 las
895 2592 1074 2650 monjas
1100 2593 1159 2638 de
1186 2593 1462 2648 Montesion‚
1493 2608 1583 2650 que
1611 2607 1696 2637 son
1723 2594 1782 2638 de
1809 2593 1878 2638 los

216 2666 376 2714 frailes
395 2669 454 2714 de
475 2669 591 2715 Sant
611 2669 862 2732 Domingo,
887 2684 948 2714 no
969 2674 996 2714 3
1018 2669 1264 2715 trecientos
1280 2685 1456 2728 passos,
1475 2685 1587 2728 pero
1603 2678 1734 2715 estan
1749 2671 1879 2715 lexos

215 2749 318 2791 mas
332 2746 393 2792 de
408 2745 526 2792 cien.
538 2748 612 2792 No
629 2747 840 2792 sabemos
855 2747 894 2792 si
910 2755 1008 2792 este
1016 2747 1260 2806 priuilegio
1275 2763 1325 2793 es
1342 2749 1439 2793 solo
1455 2763 1514 2793 en
1526 2748 1734 2793 Balentia
1750 2752 1778 2793 ό
1794 2763 1880 2806 por

217 2823 354 2870 todas
373 2831 543 2883 parteS,
566 2840 599 2883 y
619 2824 658 2870 si
679 2839 738 2870 en
759 2831 857 2869 esto
879 2839 930 2870 se
951 2824 1196 2870 entienden
1218 2826 1404 2871 tanbien
1425 2826 1492 2870 las
1513 2841 1643 2870 casas
1665 2827 1723 2871 de
1744 2841 1882 2870 mon-

295 2954 308 2976 ¹
357 2953 419 2990 Ex
434 2954 681 3002 autographo
697 2953 739 2990 in
756 2955 835 2991 vol.
856 2954 906 2997 A,
926 2953 1044 2990 unico
1061 2952 1170 2998 folio,
1190 2965 1229 2991 n.
1253 2954 1335 2998 116,
1355 2953 1463 3002 prius
1480 2964 1565 3002 499.

292 3015 308 3036 ⁸
358 3012 544 3058 Litteras,
564 3014 615 3052 de
631 3014 776 3064 quibus
793 3014 858 3052 hic
875 3014 1015 3052 scribit
1032 3014 1212 3062 Queralt,
1232 3014 1414 3063 nuspiam
1432 3015 1618 3052 vidimus.

292 3073 310 3095 ³
357 3073 461 3110 Vide
478 3086 611 3123 supra,
630 3075 748 3124 epist.
772 3083 853 3122 125.
