2196 3548
926 239 1007 274 AN.
1038 237 1130 284 1548
1783 240 1855 286 565

165 388 173 398 ‚
202 341 251 386 in
271 342 444 400 longho
464 357 544 399 per
565 341 644 399 piu
666 334 943 386 contrarieta
957 339 1004 384 di
1026 339 1232 397 maligni,
1252 346 1340 384 etc.
1367 339 1504 384 Siche
1522 355 1613 383 non
1636 343 1852 385 mancha-

199 427 270 475 .te,
295 421 383 465 che
403 419 480 463 noi
502 434 595 463 non
618 421 937 464 mancheremo
958 417 1005 461 di
1027 424 1200 475 quanto
1222 416 1260 461 si
1283 419 1417 474 potra
1442 418 1471 460 ¹.

294 498 333 541 E
352 497 515 541 vedete
536 496 730 540 ritornar
750 511 839 540 con
858 497 903 540 la
923 495 1100 553 regula,
1125 494 1284 538 ordine
1305 508 1331 538 e
1352 491 1680 538 constitutione
1706 496 1791 538 che
1819 495 1858 538 si

198 575 358 619 hanno
378 575 438 618 ad
458 588 684 628 osseruar,
709 588 736 618 e
757 587 845 618 con
867 573 1061 630 qualche
1081 571 1369 629 indulgentie
1390 586 1416 615 e
1437 570 1684 615 deuotione
1698 585 1724 615 e
1746 586 1857 615 con-

195 650 462 696 seruatione
481 650 529 694 di
550 665 660 708 epso
681 650 956 695 monasterio
977 651 1064 694 che
1079 664 1173 693 non
1195 649 1320 693 fusse
1335 647 1591 705 impetrato,
1618 662 1644 692 e
1666 648 1712 691 di
1735 656 1857 692 tutto

152 727 161 736 ⁹
202 728 496 773 informateui
531 728 580 772 in
617 728 820 786 scriptis,
861 727 988 772 accio
1015 742 1043 771 a
1071 726 1228 784 Magio
1256 726 1436 770 almeno
1456 725 1657 783 potiamo
1678 728 1856 770 metter’

195 813 367 864 queste
385 820 558 864 pouere
584 799 833 863 virginette
861 805 909 848 in
930 805 1044 863 ipso.
1076 806 1129 848 In
1157 811 1286 848 tanto
1309 803 1552 847 uederemo
1579 804 1789 847 metterlo
1811 803 1858 846 in

196 883 431 942 legname,
455 898 483 928 e
503 883 712 941 coprirlo.
741 885 778 927 E
802 883 870 926 far
891 889 1054 939 questo
1075 882 1311 936 accadera,
1330 881 1508 924 benche
1530 880 1576 923 vi
1593 879 1660 924 sia
1676 880 1859 938 pochis-

194 960 306 1006 simi
327 960 455 1016 aiuti3
481 975 568 1018 pur
587 960 678 1005 Dio
699 961 741 1005 ci
763 961 954 1004 aiutera.
982 959 1071 1004 Cui
1092 960 1150 1004 de
1177 961 1214 1003 F
1215 958 1370 1003 irenza
1396 958 1487 1002 mai
1513 959 1564 1002 se
1591 965 1753 1015 potuto
1774 960 1858 1003 ha-

195 1052 314 1083 vuere
334 1037 612 1083 resolutione
634 1038 814 1092 alcuna,
838 1052 897 1082 ne
918 1037 965 1081 di
986 1038 1104 1082 bene
1125 1051 1184 1081 ne
1210 1035 1258 1079 di
1285 1036 1420 1080 male.
1451 1035 1540 1079 Dio
1568 1034 1685 1080 sacci
1711 1036 1755 1080 la
1775 1050 1859 1080 sua

196 1115 410 1160 volunta.

294 1194 432 1238 Prete
449 1193 654 1238 Antonio
676 1200 833 1237 nostro
857 1193 902 1236 fa
922 1207 1007 1236 suo
1023 1191 1177 1236 debito
1199 1191 1247 1236 in
1268 1193 1417 1235 curar'
1441 1191 1484 1235 le
1505 1190 1686 1248 virgine
1706 1205 1794 1235 con
1815 1190 1859 1234 la

195 1269 491 1315 confessione
512 1285 539 1315 e
559 1270 904 1323 communione,
929 1285 1058 1314 more
1081 1269 1232 1323 solito,
1263 1284 1289 1313 e
1316 1283 1410 1312 non
1437 1269 1499 1312 ha
1524 1268 1615 1312 mai
1642 1268 1858 1325 preterito

194 1347 250 1392 di
270 1354 376 1392 octo
397 1347 445 1392 in
467 1355 575 1393 octo
598 1348 768 1406 giorni,
793 1363 819 1392 e
839 1347 1034 1405 portassi
1055 1349 1174 1392 bene
1194 1347 1242 1390 in
1265 1353 1387 1391 tutto
1400 1380 1410 1400 ,
1435 1354 1481 1390 et
1502 1346 1696 1403 insegna
1715 1346 1857 1404 leger'

193 1439 230 1470 e
251 1425 297 1470 fa
316 1439 404 1470 suo
425 1425 597 1470 debito.
631 1428 721 1470 Per
743 1432 886 1480 tanto,
911 1440 990 1482 per
1017 1439 1111 1468 non
1137 1439 1260 1468 esser
1281 1424 1361 1481 piu
1381 1425 1556 1481 longho
1577 1423 1625 1466 in
1646 1422 1855 1478 scriuer’,

198 1502 361 1548 siando
381 1503 614 1560 possibile,
640 1503 808 1558 venite;
834 1517 927 1547 non
948 1502 1107 1547 siando
1129 1501 1360 1559 possibile,
1385 1500 1642 1545 mandateci
1663 1515 1858 1558 persona

193 1580 247 1625 al
266 1580 520 1639 proposito,
545 1595 678 1626 corne
699 1580 850 1625 scriuo
879 1595 906 1624 a
933 1583 1085 1625 Meser
1113 1580 1314 1638 Ignati03
1347 1595 1422 1623 ma
1450 1579 1678 1636 potendo,
1702 1578 1858 1624 venite

207 1657 298 1702 uoi.
323 1657 413 1703 Noi
441 1657 619 1702 intanto
641 1659 943 1716 pregheremo
964 1657 1054 1702 Dio
1082 1659 1168 1702 che
1195 1658 1239 1701 al
1267 1656 1436 1714 meglio
1462 1656 1643 1714 vispiri,
1675 1663 1722 1700 et
1750 1656 1858 1700 tutti

194 1733 252 1779 in
272 1749 358 1780 sua
377 1734 527 1794 gratia
552 1735 595 1779 ci
621 1735 853 1790 conserui,
883 1735 1011 1780 accio
1039 1734 1389 1779 animosamenti
1412 1735 1455 1778 al
1485 1741 1617 1791 porto
1644 1733 1691 1778 di
1720 1733 1856 1778 saluti

193 1812 554 1874 conduchiamo,
577 1812 866 1871 pregandoui
887 1815 975 1858 che
995 1812 1043 1856 in
1073 1812 1180 1856 tutti
1201 1813 1244 1857 le
1269 1813 1438 1857 deuote
1466 1811 1674 1856 oratione
1700 1819 1856 1856 uostre

189 1889 248 1934 di
262 1889 340 1935 noi
354 1889 400 1934 vi
415 1890 685 1936 racordiate.
702 1891 737 1935 Il
753 1890 1002 1936 medesimo
1019 1891 1068 1949 (?)
1086 1891 1260 1935 faremo
1276 1890 1374 1944 noi,
1388 1891 1476 1935 alle
1492 1890 1627 1946 quale
1648 1890 1723 1934 del
1739 1904 1854 1934 con-

192 1967 329 2012 ·tinuo
349 1967 393 2012 ci
413 1967 780 2013 racomandiamo
801 1976 848 2013 et
869 1969 1120 2026 spectando
1141 1967 1188 2011 di
1210 1974 1332 2012 tutto
1346 1975 1568 2026 resposta‚
1587 1968 1632 2012 la
1648 1968 1756 2024 qual
1771 1981 1854 2024 po-

271 2112 283 2134 ¹
333 2110 424 2148 Non
441 2115 595 2148 tantum
611 2123 634 2147 a
650 2111 806 2148 civibus
824 2111 915 2148 Fori
931 2110 1036 2147 Livii
1049 2112 1311 2159 expetebatur
1324 2111 1540 2154 Landinus,
1557 2111 1629 2148 sed
1646 2111 1696 2147 ad
1710 2111 1854 2148 similia

195 2169 359 2216 negotia
374 2175 443 2207 aut
458 2170 705 2207 conficienda
721 2175 789 2206 aut
806 2170 997 2206 firmanda
1013 2182 1036 2206 a
1054 2171 1252 2219 plerisque
1269 2171 1417 2219 passim
1435 2171 1589 2219 oppidis
1605 2170 1690 2218 ejus
1708 2170 1853 2206 adven-

189 2234 264 2266 tus
279 2231 505 2277 rogabatur.
523 2229 626 2267 Vide
643 2242 775 2278 supra,
795 2231 912 2278 epist.
935 2230 1003 2266 130
1021 2236 1062 2267 et
1082 2229 1164 2276 131,
1189 2243 1280 2279 pag.
1299 2230 1371 2278 443
1394 2237 1435 2268 et
1451 2240 1536 2278 445.
1563 2230 1692 2278 Hujus
1719 2229 1778 2266 rei
1802 2229 1854 2266 sit

191 2288 314 2327 ·testis
330 2290 512 2339 epistola,
529 2303 647 2340 quam
664 2292 836 2327 Thomas
853 2291 903 2327 de
922 2290 1059 2328 Casuli
1076 2291 1183 2327 Patri
1201 2292 1356 2339 Ignatio
1374 2291 1533 2340 scripsit
1547 2303 1597 2327 ex
1610 2290 1786 2327 Castello
1803 2289 1853 2326 de

191 2349 350 2394 -Casuli,
367 2362 392 2398 9
409 2351 572 2400 Aprilis.
589 2353 687 2388 Eam
705 2364 776 2388 nos
795 2364 845 2388 ex
862 2353 1106 2400 autographo
1123 2352 1165 2389 in
1182 2353 1262 2389 vol.
1281 2354 1332 2400 D,
1357 2352 1474 2390 unico
1491 2352 1606 2395 folio,
1626 2364 1665 2388 n.
1694 2359 1764 2397 207
1787 2351 1854 2387 de·

192 2409 430 2459 promimus.
448 2412 520 2449 Est
535 2411 774 2459 hujusmodi:

273 2471 369 2508 R.‹¹0
386 2471 428 2509 in
445 2473 550 2509 Yhu.
569 2472 701 2510 Cristo
718 2472 834 2519 sigse
852 2478 1001 2509 nostro.
1018 2472 1177 2520 Sapiate
1191 2484 1304 2509 como
1318 2478 1447 2521 prette
1462 2472 1664 2509 Saluestro
1678 2471 1736 2508 sie
1751 2476 1854 2508 stato

191 2542 227 2568 a
240 2531 433 2580 predicar'
451 2532 493 2569 in
509 2544 589 2569 vno
605 2534 781 2578 castello,
800 2534 916 2581 quale
933 2532 1170 2570 domandate
1187 2532 1341 2578 Casuli,
1363 2538 1468 2569 terra
1490 2533 1554 2569 del
1578 2532 1679 2569 duca
1703 2531 1744 2568 di
1767 2531 1854 2568 Fio-

192 2603 305 2638 teza,
322 2603 464 2641 apreso
480 2594 557 2630 alla
573 2605 645 2630 sua
661 2592 787 2641 patria
799 2593 930 2629 circha
943 2592 1106 2629 adodice
1120 2592 1270 2640 milgie‚
1285 2595 1401 2642 quale
1419 2594 1468 2629 ha
1479 2593 1580 2629 fatto
1591 2591 1855 2640 grandissimo

188 2650 323 2689 ⁴frutto
338 2663 414 2690 con
429 2652 502 2690 far’
522 2652 705 2690 fabricar'
725 2652 955 2690 monastieri
971 2653 1012 2689 di
1039 2653 1237 2698 moniche,
1263 2653 1498 2701 compagnie
1521 2653 1562 2688 di
1584 2652 1751 2696 homini,
1779 2662 1855 2687 con

190 2710 396 2749 «confesar'
426 2714 548 2750 molte
578 2724 748 2761 persone
777 2714 851 2749 che
882 2725 1007 2749 sonno
1037 2718 1158 2750 statto
1187 2714 1309 2750 molto
1339 2719 1472 2761 tempo
1501 2714 1575 2748 che
1606 2724 1684 2748 non
1709 2713 1856 2748 herano

189 2770 418 2818 confesato,
433 2785 504 2822 per
517 2773 670 2810 esserui
684 2785 762 2809 vno
780 2774 900 2821 pretti
918 2774 1098 2810 luterano
1117 2773 1158 2809 di
1175 2775 1277 2810 male
1294 2779 1416 2818 sorte,
1435 2778 1476 2809 et
1493 2771 1595 2809 ando
1612 2784 1634 2808 a
1652 2777 1763 2820 prete
1782 2771 1856 2807 Sil-

195 2836 337 2868 -uestro
359 2843 431 2880 per
454 2833 600 2870 volersi
623 2832 835 2869 confesar'.
860 2831 935 2869 Lui
955 2844 1035 2869 non
1058 2834 1096 2869 lo
1121 2834 1234 2870 uolso
1250 2833 1446 2878 confesar,
1466 2833 1609 2880 perche
1632 2832 1688 2868 lui
1710 2838 1855 2868 teneua

190 2891 437 2939 concubina3
463 2898 506 2930 et
521 2905 545 2929 a
561 2893 802 2930 conuertitto
826 2904 904 2929 vno
927 2894 1026 2929 altro
1049 2892 1171 2941 pretti
1194 2893 1342 2930 similli.
1361 2894 1480 2931 Certo
1502 2898 1643 2940 queste
1668 2891 1855 2940 prouince

195 2949 338 2988 farebo
354 2952 396 2989 di
418 2952 600 3000 bisognio
617 2954 691 2990 che
709 2953 765 2990 lui
783 2953 823 2989 ui
850 2952 969 2989 stessi
992 2954 1159 3001 qualche
1182 2953 1331 3000 giorni,
1360 2954 1504 3002 perche
1523 2953 1579 2989 lui
1606 2952 1646 2988 fa
1669 2952 1710 2988 di
1734 2952 1856 2987 molto

192 3009 340 3048 frutto.
357 3012 435 3049 Per
451 3018 561 3050 tanto
578 3014 795 3061 preghemo
821 3019 954 3050 vostra
980 3012 1062 3049 Sd&
1077 3013 1150 3050 che
1169 3014 1207 3050 lo
1233 3014 1391 3050 volesse
1421 3012 1631 3050 conceder’
1662 3024 1685 3048 a
1714 3016 1856 3060 questo

193 3073 367 3110 castello
382 3073 424 3110 di
440 3073 575 3111 Casuli
591 3075 758 3122 qualche
774 3073 963 3121 giomi....
