2196 3548
941 257 1021 294 AN.
1053 265 1143 303 1545
1797 270 1861 309 191

209 361 350 407 facta.
389 362 507 420 Ego,
547 366 739 404 vocatus
767 375 794 404 a
828 360 1024 416 quadam
1062 357 1325 411 Abbatissa‚
1366 359 1519 402 audivi
1556 359 1864 409 confessiones

206 437 726 491 excommunicatorum,
751 444 798 481 et
819 436 886 480 sui
914 435 1081 480 missus
1109 450 1136 479 a
1163 449 1265 479 meo
1282 435 1463 492 majore
1493 439 1758 495 Praeposito
1780 456 1863 486 no—

79 572 100 582 ..
195 522 336 580 'strae
355 514 614 562 Societatis.
645 514 819 559 Audivi
845 521 892 558 et
919 512 1094 558 absolvi
1123 513 1217 558 fere
1243 527 1403 557 omnes
1429 517 1861 573 excommunicatos,

88 584 91 586 ¹
134 600 137 604 '
208 592 295 652 qui
314 593 530 639 favebant
550 591 827 636 Abbatissae
846 589 1283 643 excommunicatae,
1308 597 1355 635 et
1377 591 1471 635 fere
1492 606 1649 636 omnes
1677 602 1866 639 contur-

86 654 123 729 κη
209 669 417 725 batooes3
441 675 489 715 et
504 683 664 723 unum,
690 667 769 725 qui
791 675 971 712 tanturn
998 667 1197 711 debebat
1223 668 1444 723 quosdam
1471 668 1677 713 redditus
1705 686 1864 716 mona-

205 745 368 802 sterio,
397 747 630 792 nolentem
661 745 904 791 restituere
937 743 1055 802 parti
1087 744 1255 797 laesae,
1290 743 1417 788 nolui
1449 746 1706 802 absolvere3
1746 748 1861 807 [nec]

209 823 507 871 Abbatissam
527 822 751 868 intrusam
777 821 1236 875 excommunicatam,
1261 835 1347 866 nec
1374 830 1678 868 correctorem
1706 826 1854 870 colim-

106 945 123 964 ,
207 901 462 957 briensem3
490 908 539 947 et
574 899 770 945 absolvit
796 898 914 954 illos,
945 898 1120 943 scilicet
1146 898 1440 943 Abbatissam
1470 906 1517 944 et
1543 909 1861 957 correctorem,

98 977 133 1034 γ’
207 980 387 1027 Doctor
421 981 518 1025 Bus
553 979 698 1024 lector
734 976 946 1036 publicus
979 975 1332 1030 colimbriensis,
1367 985 1415 1021 et
1445 976 1532 1022 iste
1568 979 1741 1023 Doctor
1774 995 1866 1025 una

66 1045 70 1048 ⁹
99 1047 119 1112 j
163 1101 167 1104 .
207 1070 318 1104 eum
331 1058 535 1103 Doctore
555 1053 1218 1102 Navarrensideterminarunt
1234 1053 1529 1099 Abbatissam
1546 1055 1714 1100 dictam
1730 1072 1864 1114 posse

206 1134 386 1182 absolvi
411 1142 460 1180 et
485 1135 850 1188 conturbatores,
882 1139 930 1177 et
957 1132 1176 1186 fautores;
1211 1139 1258 1176 et
1285 1131 1465 1176 illorum
1502 1132 1636 1190 signa
1674 1134 1782 1178 mihi
1819 1144 1865 1180 et

99 1198 140 1277 J]
193 1212 480 1271 ·Praeposito
500 1226 604 1257 meo
624 1200 942 1256 ostenderunt.

111 1285 127 1349 ’ᾗ
218 1307 252 1333 --.·
300 1290 435 1336 Tunc
448 1283 589 1348 jussit
609 1303 683 1334 me
702 1289 770 1334 ire
789 1302 922 1333 meus
945 1286 1257 1344 Praepositus.

103 1381 137 1417 ⁷,
173 1422 176 1426 ⁴
244 1370 251 1376 “
297 1369 468 1415 Postea
486 1381 561 1412 me
581 1366 1037 1412 excommunicatum
1057 1372 1104 1409 et
1125 1364 1599 1410 anathematizarunt.¹

132 1504 138 1507 v
298 1446 481 1504 Ego'ab
501 1443 907 1490 excommunicatis
927 1442 1141 1488 omnibus
1169 1442 1296 1500 prius
1317 1442 1452 1500 exegi
1480 1451 1527 1488 et
1554 1444 1662 1502 petii
1690 1445 1867 1491 cautio—

204 1537 315 1570 nem
333 1522 596 1582 juridicam,
621 1516 903 1568 conformem
923 1520 1019 1579 juri
1039 1520 1278 1574 canonico,
1303 1528 1350 1565 et
1369 1521 1611 1576 dederunt,
1638 1530 1690 1567 ut
1709 1531 1866 1568 osten-

98 1582 126 1629 ’ζ’
205 1600 322 1647 dere
344 1615 550 1660 possum,
581 1607 629 1645 et
657 1599 752 1644 dixi
777 1599 867 1644 illis
894 1587 948 1644 ut
976 1599 1180 1643 facerent
1207 1612 1315 1642 suas
1350 1598 1610 1655 cautiones;
1641 1608 1688 1645 et
1715 1602 1863 1657 factis,

155 1698 159 1699 ⁷
206 1678 433 1727 Doctores
449 1677 773 1725 Universitatis
793 1676 1109 1730 convenirent,
1129 1682 1176 1721 et
1191 1675 1280 1720 illis
1294 1675 1441 1720 dictas
1457 1677 1694 1723 cautiones
1710 1686 1866 1724 osten-

179 1754 393 1811 >demun
410 1756 516 1802 Hoc
540 1755 674 1800 multi
695 1756 918 1809 fecerunt,
943 1762 991 1799 et
1012 1753 1088 1798 alii
1115 1768 1274 1798 omnes
1300 1753 1349 1797 in
1378 1755 1522 1799 forma
1548 1755 1727 1800 illarum
1756 1764 1866 1802 tunc

206 1835 419 1881 fecerunt
437 1849 562 1888 suas,
587 1841 635 1879 et
654 1833 720 1878 illi
740 1827 967 1878 Doctores
988 1847 1039 1877 se
1060 1831 1184 1890 ipsos
1205 1831 1552 1890 subsignatum,
1573 1833 1777 1879 dicentes
1793 1850 1867 1880 me

144 1905 154 1922 ²
205 1915 343 1972 posse
362 1910 465 1957 illos
485 1912 741 1956 absolvere.

218 2027 229 2038 ,
243 1992 265 2002 '⁴
286 1990 504 2048 Insuper,
529 1994 776 2047 antequam
797 1989 899 2034 illos
920 1989 1222 2043 absolverem,
1246 1988 1295 2033 in
1315 2003 1419 2034 meo
1441 1989 1653 2034 cubiculo
1679 1989 1726 2034 in
1754 1991 1864 2035 Col-

112 2056 159 2134 ’ξ
202 2067 332 2128 hgio
348 2074 508 2113 nostro
527 2067 690 2113 vocavi
711 2067 828 2126 illos,
854 2066 932 2124 qui
953 2067 1185 2111 debebant
1211 2067 1402 2121 absolvi,
1431 2074 1479 2112 et
1499 2067 1604 2112 dedi
1626 2067 1713 2112 illis
1734 2068 1866 2125 jura—

199 2152 378 2201 menta,
401 2159 522 2205 quae
541 2145 680 2191 etiam
700 2145 944 2190 ostendere
959 2159 1164 2203 possum,
1184 2159 1291 2189 nam
1313 2146 1435 2203 apud
1456 2160 1530 2190 me
1546 2153 1670 2199 sunt,
1695 2146 1863 2203 quibus

204 2222 539 2284 pollicebantur
558 2225 676 2278 Deo,
700 2230 748 2268 et
768 2222 834 2268 ita
853 2223 1073 2280 jurabant
1095 2237 1233 2281 super
1259 2230 1418 2268 sancta
1444 2223 1708 2282 Evangelia,
1739 2225 1863 2281 quod

130 2311 157 2363 ’,ῖς
201 2301 482 2349 desisterent
507 2316 595 2348 nec
621 2302 681 2347 de
707 2309 890 2347 caetero
917 2308 1078 2346 contra
1105 2309 1281 2359 partem
1302 2302 1472 2347 laesam
1501 2302 1635 2356 irent,
1667 2309 1714 2347 et
1732 2303 1864 2360 jura-

202 2372 495 2447 bant'ffldem
515 2395 568 2426 se
587 2380 904 2438 obtemperare
925 2386 972 2425 et
999 2379 1187 2425 obedire
1208 2380 1435 2425 mandatis
1462 2380 1639 2427 Summi
1668 2380 1864 2425 Pontifi-

115 2450 298 2524 ,ficisq-
321 2462 371 2505 et
388 2458 611 2516 jurabant
631 2458 756 2516 quod
791 2457 978 2503 omnino
1008 2458 1226 2503 volebant
1256 2458 1374 2516 parti
1400 2460 1550 2504 laesae
1581 2458 1860 2513 satisfacere,

122 2529 173 2595 «3⁷3
200 2534 327 2590 ω
359 2536 411 2582 in
434 2535 717 2595 obligatione
748 2535 965 2581 dixerunt
1000 2542 1048 2581 et
1081 2535 1270 2594 polliciti
1303 2545 1449 2591 erant,
1481 2537 1864 2594 quandocumque

124 2596 186 2679 4}
205 2612 347 2662 huit
379 2615 693 2674 adJ’udicatum
719 2629 802 2673 per
822 2613 1052 2672 judicem,
1084 2613 1192 2671 quia
1219 2622 1332 2659 tunc
1354 2630 1444 2660 non
1475 2622 1573 2660 erat
1593 2614 1754 2672 judex,
1786 2614 1864 2672 qui

122 2701 360 2757 meet
377 2708 476 2740 rem
497 2707 783 2752 cognoscere
803 2699 852 2738 et
872 2692 1153 2750 adjudicare.

125 2763 174 2827 ἷῖἷ
209 2783 222 2811 ῖὲ
285 2771 529 2826 Similiter,
542 2779 786 2830 postquam
795 2785 870 2816 me
883 2770 1062 2816 monuit
1071 2777 1259 2815 exactor
1274 2770 1453 2815 illarum
1469 2770 1859 2823 executorialium,

117 2835 540 2910 .··÷-*.-0go.appeu2w'i
561 2856 670 2894 ante
686 2850 928 2895 Summum
946 2848 1218 2893 Pontificem
1241 2848 1288 2892 in
1311 2848 1508 2906 scriptis,
1535 2855 1586 2892 ut
1606 2847 1705 2892 fieri
1726 2848 1863 2892 debet

102 2923 170 2978 ,¹32³
187 2926 287 2988 *per
299 2917 694 2986 jus'canonicum.
719 2928 821 2985 Ego
841 2926 964 2971 illam
995 2941 1090 2972 non
1110 2926 1222 2980 feci,
1252 2927 1334 2971 sed
1360 2928 1534 2971 Doctor
1561 2925 1862 2972 Navarrensis

115 2994 142 3062 ῑ
201 3010 311 3052 eum
329 3001 532 3053 Doctore
553 3004 693 3051 Maris
721 3005 953 3050 dictarunt
973 3013 1020 3050 et
1042 3006 1253 3050 fecerunt
1272 3018 1382 3063 ,meo
1409 3003 1608 3049 nomine.
1635 3005 1735 3062 Ego
1758 3011 1861 3047 tan-

203 3080 304 3131 nim
324 3081 403 3129 die
421 3082 657 3142 praestita,
681 3097 774 3142 qua
794 3082 1019 3129 debebam
1041 3097 1308 3141 comparere
1324 3075 1430 3127 ante
1441 3081 1661 3139 judicem,
1683 3087 1860 3126 tanturn
