2196 3548
344 234 413 271 320
944 238 1181 272 EPISTOLAE
1208 237 1378 272 MIXTAE

1117 479 1203 519 92

877 585 1149 624 ANTONIUS
1168 586 1239 620 DE
1257 583 1437 622 ARAOZ

713 689 900 732 PATRI
932 688 1192 731 IGNATIO
1225 688 1307 730 DE
1339 687 1598 731 LOYOLA

820 802 1019 829 VERGARA
1037 801 1058 838 7
1083 800 1323 828 NovssMssms
1351 791 1442 838 1546
1461 794 1487 828 ¹.

338 894 399 929 De
416 893 558 930 litteris
576 894 651 930 sibi
668 894 871 930 redditis.-
897 894 948 929 Se
964 893 1012 928 ad
1026 892 1182 930 Curiam
1196 892 1345 938 regiam
1363 891 1765 940 vocari—Quaedam
1777 892 1827 930 de
1840 893 1974 930 sociis.

1152 975 1174 1010 †

1113 1014 1213 1070 Jhs.

425 1107 585 1151 Gratia
606 1114 652 1151 et
673 1122 760 1164 pax
782 1107 964 1151 Domini
986 1106 1127 1150 nostri
1143 1108 1251 1164 Jhu.
1278 1105 1353 1150 Xi.
1379 1106 1438 1150 sit
1459 1121 1634 1163 semper
1654 1106 1910 1152 nobiscum.

426 1185 491 1229 La
506 1185 564 1228 de
585 1186 642 1229 V.
669 1186 722 1228 R.
749 1185 805 1228 de
828 1197 884 1228 20
905 1186 961 1227 de
982 1183 1230 1229 Setiembre
1251 1182 1436 1239 rresciui
1457 1184 1566 1227 abra
1587 1198 1689 1240 seys
1710 1183 1822 1228 dias.
1848 1186 1973 1228 Ben-

336 1261 431 1305 dito
451 1276 527 1306 sea
548 1268 733 1305 nuestro
753 1263 897 1307 Sefior
918 1276 998 1317 por
1027 1262 1070 1304 13
1096 1262 1246 1304 buena
1272 1259 1536 1316 expedicion
1565 1261 1622 1304 de
1641 1261 1687 1304 lo
1713 1275 1802 1317 que
1823 1267 1926 1306 toea
1943 1263 1974 1306 a

334 1339 402 1382 105
423 1338 716 1382 monesterios
732 1340 764 1382 ².
791 1340 890 1382 Aca
913 1337 1111 1395 parescia
1128 1341 1154 1380 3
1169 1337 1362 1393 algunos
1378 1351 1467 1392 que
1482 1338 1609 1381 fuera
1629 1353 1740 1395 muy
1761 1337 1975 1395 acertado

334 1430 423 1470 000
450 1414 648 1459 tambien
673 1431 722 1459 se
748 1415 871 1459 diera
907 1413 1170 1458 commision
1205 1414 1248 1458 31
1284 1414 1568 1470 Inquisydor,
1607 1414 1688 1470 pOr
1721 1414 1767 1459 la
1806 1416 1973 1460 mucha

334 1491 602 1536 authoridad
623 1507 712 1548 que
733 1492 865 1536 tiene.
893 1494 963 1535 Yo
990 1491 1142 1548 scriby
1168 1492 1235 1535 105
1271 1498 1393 1535 otros
1429 1490 1528 1534 dias
1548 1492 1677 1548 largo
1697 1495 1725 1535 a
1751 1493 1808 1536 V.
1840 1493 1917 1546 R.‚
1941 1507 1973 1550 y

332 1583 473 1625 agora
498 1572 598 1613 sere
626 1570 780 1622 breue,
811 1567 980 1625 porque
1015 1575 1141 1624 parte
1177 1569 1218 1612 el
1249 1583 1517 1625 mensagero
1552 1569 1691 1625 luego
1726 1583 1757 1625 y
1791 1582 1842 1612 es
1861 1583 1973 1626 muy

335 1646 480 1689 tarde.

422 1722 476 1765 El
495 1722 647 1777 duque
667 1723 725 1766 de
745 1723 856 1767 Sesa
878 1723 893 1743 ³
922 1737 993 1765 me
1019 1721 1172 1778 ymbio
1193 1722 1261 1765 los
1289 1728 1412 1765 otros
1439 1722 1536 1765 dias
1563 1737 1626 1765 vn
1654 1736 1811 1766 correo
1836 1722 1972 1768 sobre

330 1786 498 1854 ciertos'
514 1799 746 1856 negocios,
771 1800 995 1843 deseando
1016 1799 1077 1842 mi
1099 1799 1331 1856 presencia
1351 1813 1409 1843 en
1435 1800 1479 1843 la
1499 1800 1636 1843 Corte
1657 1814 1765 1856 para
1791 1800 1835 1844 la
1861 1799 1972 1844 exe-'-

330 1875 494 1932 cucion
514 1877 670 1920 dellos:
695 1892 726 1932 y
745 1891 861 1932 avnq
869 1892 923 1920 ue
945 1877 1124 1921 todavia
1144 1882 1271 1933 estoy
1293 1882 1392 1920 arto
1407 1877 1537 1930 flaco,
1562 1890 1709 1932 spero,
1733 1875 1971 1933 plaziendo

331 1957 358 1995 3
379 1954 437 1997 Ν.
463 1954 532 2006 S„
557 1953 695 2010 partir
716 1960 867 2009 presto
888 1968 994 2009 para
1009 1954 1052 1997 13
1073 1954 1225 1997 Corte.

420 2029 576 2074 Milian
597 2034 708 2083 esta,
734 2034 761 2074 ἐι
780 2030 825 2073 10
846 2044 934 2086 000
955 2030 1086 2074 dizen
1107 2031 1175 2074 105
1197 2029 1414 2083 medicos,
1441 2028 1588 2086 tysico
1610 2029 1827 2074 formado.

420 2107 492 2151 No
518 2121 544 2150 e
570 2106 728 2150 sauido
764 2121 852 2162 que
878 2108 919 2150 01
946 2109 1117 2151 Doctor
1144 2108 1308 2150 Torres
1336 2121 1366 2163 y
1393 2112 1579 2150 nuestro
1606 2108 1739 2151 Mtre.
1769 2106 1968 2163 Xpobal.
2012 2152 2023 2168 ·

330 2197 440 2227 sean
465 2183 668 2240 llegados
704 2198 761 2227 en
797 2185 947 2239 Spafia
984 2184 1015 2226 ⁴.
1058 2183 1260 2240 Siempre
1295 2197 1384 2239 que
1420 2182 1638 2236 vinieren,
1663 2187 1795 2227 seran
1814 2180 1922 2227 bien
1941 2198 1974 2240 y

330 2258 636 2316 alegremente
663 2260 924 2304 resciuidos.

402 2390 414 2411 ¹
464 2391 523 2426 Ex
541 2391 781 2437 autographo
799 2389 839 2425 in
857 2391 934 2425 vol.
956 2391 1004 2434 A,
1025 2390 1140 2426 unico
1158 2390 1265 2435 folio,
1286 2389 1407 2436 n.—34,
1426 2389 1533 2438 prius
1552 2398 1639 2435 257.

401 2452 415 2471 2
465 2449 566 2484 Vide
596 2449 711 2496 epist.
742 2449 962 2496 superiores
992 2449 1115 2495 73-74,
1146 2449 1186 2485 in
1214 2449 1357 2498 quibus
1386 2449 1436 2485 de
1463 2448 1695 2486 revocandis
1723 2447 1773 2485 ad
1801 2448 1969 2496 priscam

329 2514 582 2556 sanctamque
605 2509 739 2554 legum
761 2508 978 2544 custodiam
1002 2508 1247 2545 monasteriis
1271 2508 1504 2557 quibusdam
1533 2509 1736 2555 agebatur,
1761 2511 1803 2544 et
1821 2506 1972 2544 Curias

329 2569 377 2604 de
397 2568 482 2604 San
500 2568 678 2615 Ignacio,
700 2573 729 2603 t.
748 2577 776 2612 Ι,
795 2578 884 2615 pag.
900 2567 1071 2613 263-265.

399 2626 416 2649 ³
465 2627 686 2664 Consalvus
705 2627 934 2662 Fernandez
951 2627 1000 2662 de
1019 2626 1214 2670 Cordoba,
1234 2627 1326 2663 Dux
1344 2627 1402 2663 111
1419 2626 1469 2663 de
1489 2626 1622 2663 Sessa.

401 2688 416 2708 ⁴
467 2686 694 2722 «Profectus
712 2685 840 2722 fuerat
856 2687 979 2721 Roma
997 2698 1132 2722 mense
1150 2685 1374 2734 Septembri
1390 2685 1526 2722 doctor
1539 2685 1704 2722 Michael
1720 2686 1863 2722 Torres
1879 2695 1971 2722 cum

327 2745 374 2781 P.
393 2745 673 2793 Christophoro
690 2744 740 2780 de
769 2744 973 2789 Mendoza,
1000 2744 1081 2791 jam
1109 2750 1194 2781 tum
1223 2745 1264 2781 in
1292 2744 1530 2781 Societatem
1559 2743 1766 2789 admissus,
1790 2744 1970 2792 quamvis

329 2803 447 2840 animi
466 2804 527 2840 sui
555 2803 799 2852 propositum
827 2815 905 2839 non
934 2803 1040 2851 prius
1071 2803 1389 2840 manifestaturus
1419 2804 1592 2851 [Torres]
1621 2809 1742 2848 esset,
1760 2815 1877 2852 quam
1893 2803 1970 2840 alia

328 2862 519 2911 quaedam
537 2863 578 2899 in
595 2861 784 2911 Hispania
800 2862 959 2908 negotia
982 2862 1231 2908 absolvisset;
1257 2867 1297 2899 et
1320 2875 1410 2899 cum
1433 2862 1518 2910 ejus
1542 2862 1671 2899 socius
1694 2862 1735 2899 in
1757 2862 1898 2900 itinere
1914 2862 1972 2899 fe-

328 2921 512 2959 bricitare
529 2921 741 2970 coepisset,
761 2933 900 2968 magna
922 2934 1010 2958 cum
1033 2922 1222 2958 charitate
1246 2927 1287 2958 et
1308 2921 1529 2958 humilitate
1547 2921 1604 2958 illi
1627 2921 1757 2959 omnia
1779 2921 1970 2971 obsequia

328 2981 593 3030 impendebat,
623 2994 723 3029 quae
753 2982 881 3028 aegris
911 2983 1040 3018 solent
1071 2994 1159 3019 esse
1188 2981 1448 3019 necessaria»)
1479 2982 1708 3019 POLANCUS
1727 3008 1738 3028 ‚
1769 2981 1798 3020 l.
1822 2994 1871 3029 c.,
1890 2986 1920 3019 t.
1938 2991 1967 3027 1,

328 3053 418 3089 pag.
442 3041 522 3088 185,
542 3053 581 3078 0.
604 3041 685 3078 138.
