2190 3510
840 249 1063 285 Appnnmx
1702 254 1788 300 593ss

120 352 381 411 interpolati
407 351 611 396 secondo
638 349 672 393 il
698 349 902 407 giudieio
929 350 1002 394 dei
1031 350 1269 407 superiori,
1296 365 1425 395 come
1450 352 1535 394 tuti
1557 352 1587 395 li
1619 354 1769 410 giorni

122 430 201 476 nel
225 428 461 487 mangiare
487 427 526 472 si
552 427 692 485 legge
720 441 813 470 una
839 427 1072 484 leggenda
1100 426 1255 471 divota
1291 427 1401 484 ogni
1439 442 1554 482 sera,
1590 433 1771 485 quando

127 521 220 553 una
245 505 446 566 predica,
476 512 523 550 et
549 504 734 561 quando
763 518 856 547 una
884 503 1105 558 oratione,
1146 510 1192 548 et
1229 504 1394 548 reeitar
1425 506 1560 560 versi,
1593 521 1722 552 come
1750 512 1775 552 ἐ

0 600 7 653 2
67 589 71 592 ’
127 591 248 631 stato
269 585 413 638 detto,
436 582 484 626 in
505 581 696 626 materia
718 580 807 639 pia.

548 751 691 782 CIRCA
719 749 911 781 ALCUNE
939 748 1062 780 COSE
1091 749 1355 780 EXTERIORI

221 906 261 940 1.
324 891 662 953 [Ciascheduno
684 872 846 935 dorma
866 890 914 933 in
936 904 1021 934 suo
1047 890 1160 934 letto
1182 897 1407 947 separato,
1427 898 1473 946 et
1495 892 1620 944 nullo
1644 895 1779 946 modo

127 969 315 1019 alcuni
302 969 509 1016 insieme.
574 969 581 976 ’
1374 953 1378 957 ’
1585 954 1588 958 ’
1612 955 1614 957 ’

218 1061 262 1094 2.
327 1047 483 1095 Niuno
505 1054 636 1092 entre
662 1045 710 1089 in
731 1060 911 1091 camere
932 1046 977 1089 d'
1003 1044 1104 1089 altri
1127 1060 1267 1090 senza
1288 1044 1462 1089 licenza
1483 1046 1529 1090 di
1557 1048 1679 1092 colui
1695 1051 1780 1094 che

130 1128 158 1173 ὲ
175 1126 223 1172 la
243 1140 438 1172 camera.

142 1227 148 1239 κ
221 1210 286 1261 3.
328 1202 503 1257 Nimio,
534 1201 763 1246 visitando
791 1216 820 1246 o
857 1202 1054 1245 volendo
1090 1202 1241 1258 parlar
1272 1202 1315 1245 al
1342 1215 1427 1245 suo
1449 1216 1708 1261 compagno
1736 1205 1782 1248 in

128 1288 327 1335 camera,
349 1280 389 1326 si
410 1280 594 1326 trovino
614 1279 664 1324 in
684 1286 848 1336 questa
869 1293 956 1324 con
978 1285 1110 1336 porta
1131 1286 1322 1324 serrata.

222 1371 268 1415 4.
333 1359 398 1404 Al
416 1357 626 1416 superior
646 1357 791 1402 niuna
806 1363 941 1414 porta
961 1371 1020 1401 ne
1042 1371 1147 1401 asca
1177 1355 1244 1401 sia
1271 1363 1460 1402 serrata.

222 1447 281 1494 5.;
318 1435 463 1483 Niun'
479 1435 678 1494 giovane
697 1433 868 1480 lassino
896 1434 1039 1478 andar
1059 1444 1143 1492 per
1169 1435 1323 1479 strada
1344 1435 1461 1488 solo,
1486 1451 1513 1479 a
1536 1443 1655 1480 tutta
1675 1452 1785 1494 pos-

132 1513 320 1561 sibilita'x.

170 1649 171 1653 Ἰ
216 1593 268 1638 6.
330 1590 655 1637 Ciascheduno
692 1589 862 1634 habbia
896 1590 949 1634 le.
975 1604 1059 1634 sue
1096 1589 1283 1634 camisie
1320 1598 1528 1647 separate
1550 1599 1596 1636 et
1618 1586 1801 1650 segna?

132 1671 242 1725 late,
265 1677 314 1717 et
338 1667 502 1714 nonai
522 1667 640 1713 vesti
656 1667 800 1712 niuno
821 1667 1010 1712 camisia
1030 1668 1075 1711 d’
1095 1667 1214 1712 altri.

146 1777 164 1784 -
222 1750 290 1804 7.'
333 1746 536 1805 Quando
552 1747 719 1790 alcuno
739 1744 986 1799 infirmata,
1006 1747 1093 1790 che
1114 1760 1208 1790 non
1229 1760 1366 1803 possa
1382 1746 1547 1804 pigliar
1563 1744 1807 1792 medicina

135 1826 301 1872 alcuna
319 1839 459 1870 senza
479 1823 704 1882 consiglio
724 1822 772 1868 di
793 1823 930 1868 alcun
950 1823 1147 1877 medico,
1174 1823 1205 1866 il
1221 1825 1329 1880 qual
1345 1825 1512 1882 elegga
1534 1824 1565 1868 il
1582 1826 1789 1882 superior

137 1910 187 1949 et
203 1903 354 1949 nonl’
376 1901 588 1948 infermo.

227 1981 273 2026 8.
331 1979 415 2027 ‘Sia
435 1994 530 2025 una
547 1979 665 2024 hora
686 1978 898 2024 ordinata
918 1993 999 2036 per
1020 1979 1163 2024 andar
1185 1974 1293 2023 tu'tti
1309 1995 1337 2024 a
1353 1979 1538 2035 dormit,
1559 1980 1810 2038 pigliando³

135 2058 259 2104 intra
276 2059 307 2103 6
324 2072 355 2103 o
377 2069 404 2114 7
422 2059 540 2103 hore
554 2057 620 2102 fin
640 2057 717 2101 au?
742 2058 858 2101 hora
879 2058 967 2101 che
993 2058 1030 2100 s’
1060 2058 1216 2101 hanno
1238 2071 1265 2101 a
1291 2058 1462 2111 levare,
1493 2058 1540 2101 in
1569 2059 1631 2102 tal
1653 2061 1793 2103 modo

135 2138 223 2182 che
241 2135 388 2181 niuno
402 2149 542 2194 possa
561 2133 642 2192 pisi
661 2133 871 2192 vigilare,
896 2132 1034 2179 senza
1057 2133 1219 2180 ordine
1239 2135 1316 2180 del
1337 2150 1423 2179 suo
1446 2135 1667 2193 superior.

155 2243 157 2245 .
232 2228 278 2273 9.
319 2214 324 2219 '
343 2212 477 2262 Nessa
497 2226 604 2257 casa
624 2227 718 2259 non
739 2211 778 2256 si
800 2226 964 2257 receve
990 2212 1160 2275 alouno
1182 2227 1263 2269 per
1284 2213 1472 2266 dormir⁵
1504 2215 1590 2258 che
1617 2228 1709 2258 non
1726 2206 1811 2258 Sia.

139 2288 588 2348 de'ssaCo'mpagnia,
615 2305 665 2335 se
692 2304 789 2334 non
817 2290 941 2334 fosse
968 2303 1059 2334 con
1086 2304 1297 2347 espressa
1324 2291 1721 2335 commendatione
1749 2292 1811 2335 di·

143 2367 416 2428 Monsignor
435 2374 615 2422 nostro,
640 2367 672 2411 il
694 2367 853 2430 Priore
874 2367 994 2412 della
1016 2367 1101 2413 SS.
1130 2367 1343 2428 Trinita.]

228 2448 308 2492 v1'0.
370 2445 508 2491 Circa
526 2446 570 2490 le
590 2444 706 2490 altre
721 2459 844 2498 cose,
864 2445 1067 2490 secondo
1082 2445 1114 2487 l’
1135 2445 1420 2490 occorrentia
1435 2453 1482 2490 et
1498 2437 1793 2503 experientia,

83 2539 86 2542 ⁴
141 2525 277 2582 potr&
295 2522 560 2581 ilssuperior
586 2521 894 2580 aggiungere,
924 2529 972 2566 et
998 2523 1203 2567 anchora
1225 2523 1390 2567 alcune
1419 2538 1525 2567 cose
1553 2525 1678 2568 dette
1699 2516 1810 2580 quiq

140 2598 260 2661 [che]
280 2615 378 2646 non
397 2599 531 2645 siano
553 2599 804 2653 essentiali,
830 2599 970 2645 levar.
998 2601 1094 2644 Pur
1110 2599 1224 2658 ogni
1241 2600 1483 2645 settimana
1505 2600 1571 2645 sia
1589 2608 1751 2646 tenuto
1768 2602 1799 2645 il

143 2677 407 2737 superiore‚.
419 2676 524 2723 'sino
547 2684 677 2722 tanto
698 2678 784 2721 che
799 2677 842 2721 le
858 2688 968 2722 cose
981 2676 1110 2721 siano
1127 2685 1345 2723 assettate
1362 2678 1602 2723 facendole
1618 2678 1697 2736 pisi
1713 2679 1798 2723 mi-

142 2758 429 2809 maanaim,
453 2769 588 2800 come
607 2756 652 2800 le
672 2753 996 2800 constitutioni
1017 2753 1056 2798 si
1079 2755 1336 2809 osservino,
1362 2763 1408 2800 et
1429 2771 1562 2800 come
1583 2756 1621 2800 si
1638 2757 1799 2814 profit-

144 2833 620 2881 tano·.notabeln1ente
641 2831 762 2877 nelle
784 2830 999 2876 costurne·
1012 2838 1059 2876 et
1087 2832 1264 2879 lettre„

333 3142 526 3173 Emi-ou:
546 3143 693 3177 Minu,
714 3150 787 3172 rou.
808 3150 828 3171 ι.
1622 3142 1659 3170 38

508 3189 515 3200 .
