2196 3548
330 324 395 368 9⁴2·
942 321 1178 356 EPISTOL‘AE
1210 317 1377 354 MxxrAE

328 421 455 466 dieci
477 421 640 479 giomi,
666 436 752 464 con
774 420 804 463 11
833 419 906 463 (101
936 414 1119 471 srate11i3
1150 424 1195 460 et
1222 419 1257 461 F
1261 417 1466 462 rancisco
1494 415 1651 463 ¹³uene
1676 416 1794 464 male
1819 418 1974 478 dispo-1

337 496 426 551 sto,
452 506 498 542 et
519 506 615 541 asta
636 500 746 540 hora
769 511 858 540 non
880 500 904 537 ὲ
927 501 1101 546 sanam,
1127 509 1199 536 ma
1227 494 1447 550 speriamo
1469 491 1552 539 con
1581 497 1625 540 10
1653 496 1776 540 aiuto
1804 498 1972 543 (10181-

330 589 497 632 gnore,
523 575 592 617 ch'
617 589 707 616 non
728 577 829 616 sera
850 572 1016 614 niente.
1044 569 1170 613 Tutti
1191 570 1267 613 noi
1289 571 1389 614 altri
1411 571 1572 615 stiamo
1593 573 1735 616 multo
1757 574 1872 617 bene
1893 584 1974 632 per

331 651 486 707 *gratia
512 651 584 693 del
613 650 821 706 Signore.
855 646 987 692 Mtro.
1020 645 1233 702 Cipriano
1262 661 1353 689 non
1384 652 1408 689 ὲ
1435 648 1600 692 andato
1628 650 1715 693 alla
1740 650 1866 694 India
1891 653 1922 704 ¹,
1939 665 1973 694 e

340 728 532 769 mancho
562 726 732 768 andara
766 731 925 780 questo
958 738 1091 776 anno,
1129 724 1294 780 perche
1325 723 1404 780 gia
1430 738 1541 768 sono
1573 725 1735 781 partite
1765 726 1808 769 le
1837 740 1970 771 naue.

339 803 468 845 Delle
498 816 625 845 cosse
654 801 884 857 spirituale
912 801 981 843 ch’
1011 813 1204 856 passano
1237 813 1326 854 qua
1358 812 1469 843 sono
1501 801 1642 844 multe
1673 801 1751 858 piu
1780 803 1850 845 ch'
1883 816 1975 846 non

339 893 490 934 ponno
512 878 678 933 suplire
700 876 730 918 li
752 876 1007 919 laboratori.
1039 877 1163 921 Sono
1197 875 1315 918 saliti
1342 876 1432 919 deli
1459 877 1661 921 exercitii
1688 877 1763 922 doi
1791 878 1976 936 gioueni

330 969 427 997 -con
448 953 821 997 determinatione
843 953 900 995 de
928 966 1077 995 essere
1105 948 1223 995 della
1252 953 1550 1010 Compagnia,
1581 953 1611 996 li
1639 954 1776 1011 qualli
1804 951 1977 1000 studssi‘a'·

340 1045 448 1073 rano
471 1031 555 1073 alle
577 1044 706 1086 spese
727 1030 783 1072 de
806 1029 872 1072 soi
900 1027 1111 1085 magiori3
1143 1042 1233 1071 vno
1262 1029 1376 1072 altro
1405 1037 1585 1074 tenemo
1611 1030 1656 1074 in
1685 1031 1789 1084 essi,
1819 1033 1891 1076 ch’
1919 1034 1977 1091 ha
2004 1029 2006 1031 ’

333 1107 416 1163 gia
435 1113 613 1162 passato
635 1103 768 1161 quasi
786 1105 891 1148 tutti
914 1105 944 1147 li
966 1105 1183 1158 exercitii,
1209 1112 1254 1148 et
1276 1109 1301 1146 ὲ
1323 1120 1403 1162 per
1424 1107 1467 1149 la
1489 1107 1785 1164 Compagnia.
1805 1107 1978 1152 130131·

335 1183 395 1225 tri
417 1182 586 1225 italiani
609 1197 679 1225 me
702 1184 854 1225 hanno
876 1182 1048 1238 parlato
1070 1196 1157 1226 con
1178 1196 1397 1239 speranza
1418 1183 1476 1226 de
1498 1184 1625 1227 uoler
1647 1184 1775 1228 uenir
1790 1184 1838 1228 in
1853 1198 1973 1229 casa.

339 1261 403 1303 Le
426 1255 730 1315 predicatione
751 1272 776 1301 0
798 1258 1071 1301 comunione
1091 1259 1305 1302 cressano
1327 1259 1384 1302 de
1407 1259 1567 1316 giorno
1589 1260 1636 1304 in
1658 1259 1833 1318 giorno.

426 1337 527 1379 Vno
551 1338 615 1379 Re
637 1336 693 1378 de
715 1335 827 1378 mori
849 1335 980 1392 negri
1002 1337 1062 1378 ha
1082 1336 1297 1389 mandato
1318 1351 1410 1379 vno
1434 1336 1747 1382 imbasciatore
1769 1339 1811 1383 al
1832 1339 1899 1382 Re
1919 1339 1977 1382 de

341 1413 605 1468 Portugallo
633 1414 702 1455 ch’
732 1412 762 1454 li
791 1413 954 1455 manda
983 1412 1239 1465 Sacerdoti,
1271 1414 1423 1470 perch'
1446 1428 1495 1456 se
1518 1414 1653 1458 uuole
1675 1415 1769 1458 fare
1793 1412 1974 1472 xpiano.

335 1489 400 1531 lui
423 1503 509 1531 con
533 1495 650 1532 tutto
673 1490 713 1531 el
736 1503 821 1532 suo
838 1503 997 1546 regno,
1022 1503 1110 1532 con
1131 1489 1162 1532 11
1179 1490 1327 1545 qualle
1344 1494 1394 1533 50
1415 1491 1614 1547 proferto
1629 1505 1720 1543 vno
1737 1490 1975 1549 Episcopo,

340 1571 387 1607 et
410 1580 499 1608 vno
520 1566 577 1608 de
599 1572 754 1608 nostra
775 1579 880 1608 casa
900 1580 988 1609 con
1010 1564 1139 1608 multi
1161 1566 1277 1608 altri.

430 1642 546 1685 Altri
589 1642 756 1685 diuersi
794 1642 949 1699 giudei
986 1656 1011 1685 e
1048 1642 1161 1692 mori
1199 1650 1410 1699 uen'gano
1446 1643 1493 1686 in
1530 1643 1728 1687 Lisbona
1757 1657 1837 1701 per
1873 1644 1978 1688 farsi

336 1718 522 1774 xpiani.,
548 1718 651 1761 delli
675 1718 811 1775 qualli
834 1726 964 1762 stano
986 1719 1033 1762 in
1055 1734 1160 1763 casa
1182 1726 1249 1762 tre
1271 1719 1500 1772 caualieri‚
1526 1734 1551 1763 0
1573 1720 1647 1763 (101
1671 1720 1771 1763 altri
1793 1735 1873 1778 per
1893 1721 1978 1764 im-

338 1809 495 1851 parare
523 1795 553 1837 li
580 1796 989 1839 commandamenti
1017 1811 1042 1840 e
1070 1795 1368 1840 instructione
1395 1797 1497 1840 dela
1526 1797 1626 1840 fede
1653 1797 1890 1841 catholica.
1926 1798 1979 1841 El

331 1872 585 1915 Confessor
616 1873 689 1915 del
720 1874 786 1916 Re
817 1875 832 1896 ³
864 1878 915 1916 se
946 1872 1110 1930 partite
1147 1873 1295 1929 questi
1327 1873 1475 1931 giomi
1506 1873 1690 1930 passati,
1725 1888 1750 1918 e
1782 1875 1898 1917 ando
1931 1874 1978 1918 in

411 2046 421 2065 ¹
473 2044 702 2079 Franciscus
717 2043 766 2079 de
780 2044 1000 2080 Villanova.
1018 2044 1163 2080 Scribit
1177 2044 1282 2080 enim
1296 2045 1503 2087 Polancus,
1518 2044 1757 2089 Chronico-n,
1775 2051 1804 2081 t.
1820 2055 1848 2088 Ι,
1864 2057 1902 2093 p.
1917 2054 1977 2091 95,

337 2115 374 2137 n.
396 2101 454 2138 32:
477 2104 642 2138 «Missus
662 2108 722 2138 est
741 2104 858 2138 etiam
877 2105 1000 2139 Roma
1018 2105 1061 2139 P.
1082 2104 1303 2152 Cyprianus
1319 2104 1575 2153 [Alphonsus]
1594 2116 1683 2140 cum
1702 2105 1868 2141 Martino
1884 2105 1979 2140 Pez-

338 2173 451 2204 zano,
472 2163 679 2198 Francisco
698 2163 747 2198 de
766 2163 985 2206 Villanova,
1006 2163 1204 2211 Stephano
1222 2164 1400 2200 Baroello
1419 2169 1459 2199 et
1477 2165 1625 2211 Jacobo
1642 2165 1856 2200 Romano.»
1879 2164 1980 2200 Vide

333 2221 461 2256 etiam
481 2222 574 2265 ibid,
597 2233 687 2269 pag.
711 2231 791 2267 104,
812 2234 850 2258 n.
869 2231 929 2268 45.
1675 2260 1680 2266 .
1822 2270 1825 2272 ,
1916 2263 1918 2265 .
1941 2256 1943 2260 ,

412 2283 426 2302 ²
478 2281 516 2315 Is
541 2282 646 2317 enim
670 2282 711 2317 in
734 2282 884 2317 Indiam
907 2283 1031 2318 Roma
1056 2283 1305 2319 mittebatur:
1335 2283 1601 2318 «Inviamos...
1628 2287 1735 2318 otros
1757 2283 1869 2319 cinco
1889 2294 1982 2330 para

342 2340 541 2385 Portugal,
562 2342 618 2376 los
637 2346 772 2393 cuatro
790 2344 812 2377 a
829 2343 888 2378 105
914 2342 1090 2378 estudios
1108 2342 1156 2378 de
1174 2342 1373 2384 Coimbra,
1392 2354 1419 2389 y
1438 2343 1473 2378 el
1492 2342 1643 2389 quinto,
1668 2354 1744 2389 que
1768 2353 1812 2379 es
1834 2341 1984 2390 Cipria-

344 2411 408 2440 no,
428 2411 518 2445 para
538 2401 593 2435 135
613 2400 782 2436 Indias.»
810 2400 957 2437 Cartas
975 2404 1022 2438 de
1042 2403 1127 2438 San
1144 2402 1326 2449 Ignaci0‚
1348 2406 1377 2437 t.
1397 2411 1423 2443 1,
1443 2413 1480 2448 p.
1505 2410 1583 2438 110.
1604 2401 1824 2449 Cyprianus
1841 2401 1903 2437 hie
1916 2413 1982 2437 vo-

330 2462 450 2492 catur
469 2470 489 2492 a
508 2459 655 2500 Tellez,
678 2460 841 2495 Soares:
861 2461 1035 2496 «Poucos
1053 2473 1183 2496 meses
1201 2461 1337 2508 depois
1355 2461 1509 2507 chegou
1527 2466 1639 2496 outro
1657 2472 1792 2508 mayor
1804 2472 1978 2506 socorro.

342 2516 456 2551 Eram
481 2523 586 2553 estes
612 2530 633 2553 0
659 2519 701 2553 Ρ.
729 2518 925 2566 cypriano
949 2519 1105 2563 Soares,
1131 2533 1154 2556 0
1177 2520 1298 2556 irmao
1317 2520 1498 2556 Fracisco
1521 2519 1570 2555 de
1594 2520 1814 2562 Villanova,
1844 2520 1980 2555 ambos

332 2575 670 2612 Castelhanos...»
690 2578 870 2620 TELLEZ,
894 2578 1096 2616 Chronica
1123 2581 1178 2615 da
1198 2579 1493 2627 Comphania...
1514 2579 1582 2614 lib.
1602 2588 1628 2621 1,
1647 2590 1682 2614 c.
1702 2587 1878 2620 xvmm.
1901 2575 1981 2624 iffa

339 2635 491 2670 Franco
510 2648 616 2678 vero,
638 2645 677 2672 et
694 2642 800 2672 recte
830 2638 987 2684 quidem
1012 2639 1222 2686 (Synopsis
1239 2639 1466 2674 Annalium
1493 2638 1578 2674 Soc.
1594 2639 1731 2685 Jesu),
1755 2638 1982 2685 Alphonsus

334 2688 581 2739 ’Cyprianust
605 2695 748 2730 «Paulo
767 2701 854 2741 post
868 2696 1129 2732 adventarunt
1144 2697 1377 2732 Franciscus
1392 2697 1598 2732 villanova
1612 2701 1652 2732 et
1667 2697 1891 2744 Alphonsus
1905 2695 1983 2743 Cy-

342 2751 540 2798 prianus.»
562 2754 635 2788 Hic
654 2754 810 2789 tandem
829 2755 868 2790 in
887 2755 1050 2797 Indiam,
1071 2768 1172 2792 anno
1194 2756 1299 2802 1546,
1319 2755 1340 2791 8
1360 2755 1521 2803 Aprilis,
1541 2755 1673 2791 solvit.

417 2812 431 2831 ³
482 2811 647 2847 Videtur
664 2814 726 2848 hic
745 2825 833 2848 esse
852 2814 914 2849 Fr.
935 2816 1107 2860 Joannes
1125 2814 1285 2858 Suarez,
1305 2815 1618 2862 augustinianus,
1645 2814 1912 2851 «conselheiro
1933 2814 1982 2850 (10

346 2871 447 2905 Dom
466 2871 561 2916 Joao
582 2872 650 2912 III,
668 2883 738 2907 seu
752 2872 967 2914 confessor,
984 2874 1189 2920 pregador,
1206 2875 1375 2910 esmoler
1384 2886 1409 2910 0
1424 2879 1569 2910 mestre
1583 2874 1654 2910 dos
1667 2874 1864 2921 principes
1879 2874 1982 2910 'Dom

345 2928 497 2979 Filippe
517 2941 537 2964 e
555 2930 655 2964 Dom
675 2931 784 2976 Joao‚
805 2943 896 2967 seus
922 2932 1073 2968 filhos.»
1098 2933 1239 2970 SOUSA
1259 2934 1430 2976 AMADO,
1454 2933 1642 2969 Historia
1658 2934 1713 2969 da
1738 2932 1896 2983 Egreja
1919 2945 1982 2970 ca—

332 2988 490 3024 sstholica
510 2989 570 3024 e'm
594 2990 807 3038 Portugal,
829 2995 857 3026 t.
884 3000 953 3033 VII,
979 2992 1090 3039 prim.
1118 2998 1240 3040 parte,
1268 3004 1357 3040 pag.
1387 3001 1466 3038 154,
1493 2998 1629 3039 postea
1651 2991 1982 3028 Conimbricensis

339 3047 575 3094 Episcopus,
608 3060 840 3096 semperque
874 3050 1083 3089 Societatis
1114 3052 1439 3088 studiosissimus.
1471 3051 1571 3087 Vide
1601 3051 1790 3087 POLANCI
1815 3050 1983 3087 Chr'om’-
2041 3067 2043 3069 ·

332 3117 429 3147 «con,
457 3111 485 3140 t.
513 3115 538 3148 1,
566 3118 654 3153 pag.
683 3116 762 3152 157,
787 3120 825 3143 n.
842 3119 911 3154 99,
939 3121 959 3144 a
984 3122 1060 3156 quo
1085 3111 1202 3146 etiam
1228 3111 1374 3146 Suarez
1394 3110 1538 3156 «Regis
1556 3109 1840 3153 confessarius»
1859 3110 1981 3146 fuisse
