2196 3548
916 223 996 259 AN.
1026 222 1118 269 1548
1770 236 1836 274 551

960 483 1078 527 loo

728 591 1030 630 EMMANUEL
1056 590 1309 630 GODINHO

400 678 617 740 PATRl
667 695 995 756 MARTINO
1048 695 1138 738 DE
1190 695 1623 741 SANTACRUZ

695 811 960 840 coumBch
985 810 1031 848 25
1056 810 1162 846 JULn
1190 801 1282 848 1548
1310 803 1337 838 ¹.

186 903 339 943 Iterum
365 903 417 942 de
438 904 612 952 negotiis
634 903 805 952 Collegii
828 903 1181 941 Conimbricensis.
1184 904 1284 940 -Et
1306 903 1356 940 de
1379 903 1575 940 sociorum
1602 904 1770 943 tra'nsitu
1796 906 1844 941 ad

442 953 541 990 alids
557 951 730 992 Ordines
747 952 970 1000 religiosos.
979 953 1084 988 —De
1102 951 1332 988 valetudine
1350 958 1587 989 nostrorum.

944 1074 1079 1132 jhus..

53 1174 127 1212 “z
278 1169 326 1215 A
356 1183 498 1228 graea
517 1183 545 1214 e
565 1183 696 1214 amor
715 1170 774 1214 de
795 1171 916 1226 Xp0.
941 1183 1058 1214 noso
1086 1169 1269 1214 Senhor
1289 1169 1384 1226 seja
1411 1183 1589 1226 sempre
1615 1184 1688 1214 em
1710 1184 1849 1214 nosas

66 1251 115 1300 14?
189 1246 349 1293 almas.

129 1303 132 1306 ‚
277 1323 560 1370 Charissimo
589 1324 753 1369 Padre.
783 1325 902 1370 Suas
930 1331 1095 1378 cartas,
1127 1325 1186 1369 de
1212 1336 1265 1368 10
1293 1324 1350 1369 de
1373 1326 1546 1383 Junho,
1581 1325 1849 1369 reeebemos

189 1401 438 1462 (emviadas
457 1403 516 1447 de
536 1401 729 1460 Lixboa)
751 1416 779 1446 a
806 1413 857 1457 17
879 1402 938 1446 de
952 1402 1111 1460 Julho.
1138 1403 1267 1447 Noso
1284 1402 1465 1447 Senhor
1486 1417 1638 1460 pague
1659 1418 1686 1447 a
1702 1403 1760 1447 V.
1780 1395 1843 1446 R.

187 1494 217 1526 a
239 1493 382 1540 carga
399 1494 492 1537 que
511 1495 586 1525 me
605 1481 667 1524 ha
686 1486 824 1538 posto
846 1494 950 1524 com
974 1486 1110 1524 outra
1129 1481 1213 1524 das
1228 1494 1319 1536 que
1341 1493 1391 1524 se
1411 1494 1666 1537 negoeeam
1690 1495 1797 1537 pera
1819 1495 1848 1523 0

189 1559 366 1613 Preste.
391 1559 431 1603 E
439 1558 492 1616 ja
509 1572 603 1615 que
622 1572 729 1603 com
751 1563 878 1602 tanta
893 1556 1134 1615 diligentia
1149 1572 1392 1615 negoceou
1412 1573 1439 1601 a
1456 1572 1612 1615 carga,
1631 1573 1727 1602 non
1745 1572 1848 1602 com

186 1649 351 1681 menos
370 1649 580 1694 negocee
600 1650 628 1680 a
648 1635 888 1693 descarga,
912 1649 1048 1679 como
1075 1650 1134 1680 eu
1163 1635 1318 1679 confio
1348 1650 1420 1680 em
1443 1636 1501 1680 V.
1528 1637 1583 1680 R.
1611 1650 1701 1692 que
1734 1636 1845 1688 fara,

109 1719 112 1723 '
186 1712 299 1771 polo
318 1711 467 1758 muito
486 1726 579 1770 que
599 1727 680 1771 sey
699 1727 790 1770 que
811 1727 926 1770 quer
946 1727 974 1756 a
994 1711 1151 1757 minha
1172 1712 1305 1757 alma.
1339 1713 1473 1757 Estes
1502 1713 1653 1757 frades
1679 1713 1737 1757 de
1758 1714 1850 1758 Sao

55 1790 84 1864 ’ᾖ
105 1787 118 1811 ³
186 1788 300 1836 Fins
317 1788 455 1836 ainda
479 1804 569 1847 nos
588 1805 879 1848 persegnem,
912 1789 1025 1848 digo
1046 1791 1084 1835 F
1085 1804 1167 1848 rey
1181 1791 1300 1849 Joa6
1321 1790 1358 1835 F
1359 1789 1544 1856 erreira,
1570 1789 1678 1834 olim
1702 1790 1845 1844 Priol,

187 1881 280 1927 que
298 1882 389 1913 nos
411 1868 616 1913 mandou
644 1867 760 1912 citar
786 1882 897 1926 pera
929 1870 1083 1926 Braga
1110 1869 1223 1912 hum
1253 1866 1328 1912 dia
1359 1868 1528 1920 destes,
1563 1883 1643 1924 per
1669 1867 1849 1911 indozi—

187 1951 348 2002 mento
367 1945 428 1990 de
441 1946 479 1990 F
481 1959 562 2003 rey
576 1947 696 2004 Joa6
717 1946 777 1991 de
791 1944 1062 1999 Gondomil,
1081 1943 1268 2002 despois
1284 1959 1375 2002 que
1392 1945 1472 2002 foy
1489 1945 1848 2002 desengannado

189 2037 280 2082 que
299 2037 398 2070 non
417 2021 559 2082 podia
577 2038 651 2068 ser
673 2022 817 2077 Priol,
842 2038 923 2080 per
944 2037 1018 2068 ser
1042 2023 1100 2067 de
1125 2022 1315 2079 fr0fi9a6
1337 2022 1489 2067 tacita.
1518 2023 1681 2080 Agora
1709 2023 1850 2067 tenho

189 2101 419 2147 mandatio
439 2116 469 2146 a
489 2101 642 2159 Braga
662 2100 815 2152 inibir,
839 2115 920 2158 per
940 2099 1123 2145 virtude
1143 2100 1205 2144 da
1224 2101 1334 2145 bula
1360 2101 1422 2145 do
1443 2099 1627 2145 Nuncio
1656 2101 1716 2144 da
1735 2114 1847 2144 ane-

188 2183 348 2225 xacafi.
372 2179 436 2225 Se
449 2178 502 2236 ja
521 2177 770 2223 tiuesemos
789 2193 881 2235 qua
901 2193 1027 2223 essas
1059 2177 1224 2232 bullas,
1254 2179 1590 2223 descansarnos
1618 2177 1707 2232 ia6,
1741 2178 1845 2221 bem

188 2270 298 2302 creo
317 2270 411 2316 que
423 2256 476 2314 ja
494 2263 594 2301 esta
614 2271 666 2302 as
686 2258 854 2302 achara
884 2255 1086 2314 partidas
1106 2270 1218 2313 pera
1247 2271 1354 2313 qua.
1389 2257 1557 2301 Nestas
1578 2270 1685 2300 suas
1711 2256 1846 2300 dera-

186 2333 338 2391 deitas
357 2348 468 2379 nom
489 2348 680 2379 escreue
706 2334 826 2378 nada
852 2334 912 2378 da
939 2333 1302 2395 conseruatoria:
1332 2348 1443 2379 nom
1476 2334 1591 2378 dexe
1623 2334 1681 2377 V.
1707 2334 1761 2377 R.
1788 2332 1847 2376 de

186 2410 414 2457 solicitala
434 2425 526 2457 con
553 2411 819 2465 breuidade,
850 2410 952 2468 pois
971 2426 1030 2456 ve
1051 2426 1189 2468 quam
1221 2411 1457 2456 necesaria
1488 2426 1575 2455 nos
1605 2412 1680 2455 he.
1707 2411 1847 2454 Tam-

186 2489 295 2535 bem
315 2503 505 2536 escreue
525 2494 616 2546 que
642 2489 719 2533 lhe
739 2489 952 2546 mandem
982 2503 1036 2533 os
1067 2496 1313 2534 concertos
1343 2489 1402 2534 de
1430 2488 1618 2533 Bastian
1646 2488 1846 2533 Aluarez

57 2554 91 2598 ἕ
135 2588 137 2591 ’
186 2566 535 2614 reconhecidos.
562 2567 682 2613 Seus
702 2567 847 2611 finaes
867 2582 974 2612 nem
996 2567 1099 2622 elle,
1123 2582 1183 2612 ne
1204 2568 1303 2625 frey
1318 2569 1434 2627 Joa6
1455 2568 1493 2612 F
1495 2566 1677 2621 erreira,
1703 2580 1757 2610 os
1788 2571 1847 2610 ab

186 2645 248 2691 de
272 2646 566 2699 reeonhecer,
605 2644 708 2702 pois
745 2659 855 2689 nom
883 2659 996 2701 quer
1023 2652 1145 2690 estar
1173 2659 1259 2702 por
1285 2646 1412 2690 elles:
1443 2659 1588 2702 agora
1616 2659 1669 2688 os
1702 2645 1846 2688 tenho

186 2723 416 2768 mandado
437 2737 467 2767 a
487 2723 640 2767 Pedro
657 2723 828 2779 Lopez,
853 2736 963 2779 pera
984 2737 1074 2779 que
1091 2736 1146 2767 os
1166 2723 1268 2780 faea
1282 2724 1563 2767 reconhecer
1584 2736 1666 2779 per
1682 2727 1847 2765 outrOS

184 2815 277 2859 que
297 2801 531 2846 oonheca6
551 2815 658 2845 seus
679 2801 839 2853 finaes,
865 2814 975 2844 nom
997 2814 1079 2858 sey
1094 2814 1144 2844 se
1165 2799 1455 2858 aproueitara
1471 2801 1601 2844 desta
1622 2797 1838 2843 maneira.

62 2904 107 2940 ''.
185 2878 248 2925 Se
267 2877 425 2924 vieren
455 2894 483 2923 a
504 2884 659 2940 tempo
682 2892 786 2922 corn
810 2892 839 2922 o
867 2884 1004 2922 outro
1027 2876 1226 2935 negocio
1248 2878 1306 2923 de
1327 2877 1488 2923 Lionel
1515 2878 1718 2930 Dabreu,
1754 2890 1846 2932 que

204 3031 206 3034 Ι
261 3049 274 3071 ¹
322 3048 384 3085 Ex
401 3048 646 3096 autographo
663 3047 703 3084 in
721 3047 801 3083 vol.
822 3046 873 3089 A,
892 3045 1040 3094 duplici
1057 3045 1164 3089 folio,
1184 3058 1223 3082 n.
1243 3046 1304 3092 76,
1324 3047 1432 3094 prius
1451 3054 1533 3092 519,
1555 3053 1638 3090 520.
