2196 3548
994 250 1074 289 ΑΝ.
1107 258 1198 296 1547
1849 257 1919 304 357

261 353 352 398 che
371 366 446 397 me
467 355 693 398 conuerra
712 352 761 397 di
782 353 891 399 fare.
919 354 978 398 Et
998 352 1148 411 potria
1171 354 1293 398 forse
1314 354 1360 398 io
1383 356 1552 400 andare
1568 357 1861 403 breuemente
1878 359 1924 404 in

262 443 462 487 persona
488 430 542 489 (si
563 432 636 475 ch’
660 445 743 488 per
767 431 932 476 adesso
961 445 1035 475 me
1062 431 1255 476 sarebbe
1282 433 1422 476 charo
1444 434 1530 478 che
1556 433 1636 477 uoi
1665 437 1925 491 temperasti

259 506 323 552 de
340 505 594 552 intr-auenir
613 508 690 553 nel
711 506 924 554 Concilio
940 507 987 552 in
1003 507 1098 552 mio
1119 508 1287 565 nome).
1308 509 1358 555 Io
1376 510 1595 554 mandari)
1611 518 1766 567 presto
1784 511 1815 555 il
1831 513 1923 557 mio

257 582 448 630 Giouau
467 583 697 630 Giacomo
720 586 942 630 Padoano
969 599 1060 629 con
1086 585 1131 630 la
1158 585 1295 630 finale
1321 586 1717 641 determinatione,
1750 589 1793 632 la
1815 592 1921 646 qual

258 667 417 719 presto
437 664 543 707 sara
560 677 699 707 senza
719 664 864 708 molta
884 662 1120 708 dilatione.

347 737 552 796 Priegho
575 740 634 784 V.
659 741 708 786 S.
735 739 879 786 faccia
901 739 992 785 mie
1011 755 1146 787 scuse
1166 755 1258 787 con
1285 743 1424 786 Mtro.
1460 741 1615 786 Pietro
1645 742 1849 798 Canisio‚
1875 745 1918 789 al

251 815 365 872 qual
382 814 586 862 sminero
607 831 698 863 con
718 818 763 863 la
783 818 942 876 prima.
975 807 1028 863 ln
1055 825 1220 876 questo
1248 827 1379 863 mezo
1406 819 1451 862 la
1477 819 1685 876 supplico
1713 820 1780 865 Sia
1800 835 1917 866 con-

249 897 382 938 tenta
395 907 488 939 con
502 895 546 939 le
560 909 644 940 sue
660 895 859 941 orationi
874 895 1142 941 interceder’
1162 910 1243 954 per
1258 895 1322 939 mi
1337 907 1555 953 appresso
1569 895 1677 950 Dio,
1697 897 1913 942 accioche

147 964 149 966 ’
242 984 322 1016 me
340 970 416 1019 dia
436 972 481 1018 la
501 973 651 1031 gratia
671 989 757 1019 sua
775 989 856 1032 per
876 981 1008 1032 poter
1029 974 1078 1021 in
1098 989 1187 1020 suo
1207 981 1341 1020 santo
1363 973 1553 1019 seruitio
1571 974 1841 1020 continuare
1861 983 1911 1022 et

99 1051 131 1116 ’δ’
177 1070 184 1079 >¹
247 1056 552 1107 agamentare
572 1052 779 1097 secondo
801 1067 885 1097 sua
905 1051 1063 1097 diuina
1084 1052 1292 1097 uolonta.

266 1154 270 1156 -
342 1126 448 1172 Con
467 1122 633 1184 questo
654 1128 701 1173 di
722 1143 865 1174 cuore
885 1145 912 1175 a
934 1131 991 1175 V.
1018 1131 1067 1176 S.
1093 1143 1166 1175 me
1183 1128 1396 1174 offerisco
1418 1135 1465 1174 et
1480 1130 1760 1174 racomando
1776 1144 1909 1178 come

249 1218 283 1258 a
302 1203 484 1250 fratello
505 1203 554 1250 in
575 1205 763 1251 Christo
784 1207 1068 1252 charissimo.

255 1298 263 1303 ·
341 1281 516 1328 Sex-itte
535 1281 585 1328 in
604 1282 794 1342 Dilinga
814 1299 842 1329 a
862 1285 909 1329 di
937 1286 989 1331 18
1010 1286 1056 1329 d'
1081 1284 1241 1343 Aprile
1269 1294 1396 1340 1547.

612 1363 685 1406 De
707 1363 765 1407 V.
791 1363 839 1408 S.
867 1363 1049 1408 fratello
1069 1361 1501 1416 affettionatissimo,

987 1441 1068 1486 11.-
1081 1441 1338 1485 CARDINAL
1370 1441 1418 1485 n'
1443 1440 1701 1485 AUGUSTA.

101 1501 141 1584 J
195 1489 198 1491 >
252 1538 275 1554 τ-
334 1515 689 1576 Super-scripte&
709 1519 772 1564 Al
791 1519 936 1563 molto
959 1520 1013 1564 R.
1019 1517 1104 1554 do
1092 1532 1140 1562 m
1161 1516 1347 1563 Christo
1373 1518 1522 1562 Padre
1543 1519 1681 1562 Mtro.
1708 1517 1903 1563 Claudio

232 1593 381 1655 jafie,
405 1596 687 1641 Ptocurator
705 1604 867 1642 nostro
889 1596 1012 1642 nello
1034 1602 1304 1641 sacrosanto
1326 1594 1539 1640 Concilio
1561 1595 1608 1640 di
1642 1596 1832 1649 Trento,
1857 1595 1905 1641 in

110 1654 142 1675 ⁵³
163 1662 183 1683 ⁵
246 1672 425 1718 Pndoa.

101 1747 126 1780 ’Ἴ
254 1772 277 1780 -›
334 1749 496 1796 Manet
514 1753 764 1811 vestigium
785 1766 918 1797 cerae
938 1752 1106 1811 sigilli.

1013 1926 1131 1968 mo

786 2028 1065 2072 ANTONIUS
1083 2033 1156 2070 DE
1173 2031 1358 2072 ARAOZ

617 2102 806 2175 PATRi
838 2131 1104 2176 IGNATIO
1135 2131 1221 2175 DE
1251 2130 1516 2176 LOYOLA

753 2245 945 2274 ummo
970 2245 1018 2283 24
1043 2245 1208 2274 armus
1237 2245 1330 2284 1547
1357 2239 1384 2273 ¹.

75 2303 182 2387 έ
231 2326 439 2372 mutatum
453 2312 635 2370 rediisse.
638 2331 928 2369 —Societatem
945 2333 1051 2369 bene
1062 2331 1202 2369 audiri.
1205 2331 1390 2369 —Socios
1404 2331 1539 2380 expeti
1553 2331 1892 2378 Caesaraugustae

267 2380 778 2438 ΦθῙΞίεραΙὶ-Ττὶᾱεηῐο
807 2380 858 2418 ad
879 2379 1040 2418 Curiam
1064 2379 1217 2427 regiam
1255 2380 1408 2464 irferri
1433 2380 1562 2416 fausta
1587 2379 1726 2416 nuntia
1748 2379 1799 2415 de
1823 2389 1891 2415 no-

92 2416 204 2465 {J
253 2458 258 2462 .
305 2427 414 2467 cirin.
416 2428 732 2466 -Aemilianum
749 2428 800 2465 de
818 2429 966 2477 Loyola
989 2439 1216 2483 supremum
1282 2440 1347 2465 em
1370 2428 1531 2465 obiisse.
1535 2427 1776 2464 -Mironem
1799 2437 1873 2463 con

305 2477 522 2516 valescere.
535 2476 807 2514 —Valentinis
840 2482 883 2513 et
912 2475 1198 2524 gandiensibus
1232 2439 1390 2514 Niimen
1420 2476 1583 2512 mirifice
1612 2475 1763 2512 favere.
1771 2476 1889 2512 —De

102 2530 126 2566 ὲ,
237 2541 250 2569 2·
291 2524 532 2564 doctoribus
557 2525 750 2562 Michaele
772 2524 824 2562 de
846 2525 991 2562 Torres
1015 2530 1056 2562 et
1081 2524 1200 2562 Petro
1223 2523 1350 2564 Ortiz.
1353 2525 1506 2560 —Vota
1530 2523 1836 2560 Mexicanorum.
1840 2543 1889 2550 —-

85 2574 158 2622 ‘'xiss‘
176 2588 178 2590 ’
236 2573 239 2575 “
302 2571 367 2611 De
382 2574 503 2612 rebus
520 2573 720 2622 Compluti
737 2583 923 2629 prospere
945 2572 1174 2610 fluentibus.
1178 2573 1288 2610 —De
1308 2572 1528 2609 candidatis
1548 2571 1773 2608 Societatis.
1777 2572 1887 2608 —De

114 2627 146 2643 *⁴
238 2628 248 2654 ἑ
286 2621 629 2670 >compationibus
645 2621 826 2670 propriis.
829 2622 940 2658 —De
957 2621 1078 2658 sociis
1093 2620 1393 2658 vallisoletanis.

87 2798 95 2808 .
115 2788 126 2795 ,
238 2794 247 2805 Γ
265 2796 267 2798 ,
304 2799 307 2802 ¹
1027 2743 1118 2787 Ihs.
1605 2770 1644 2774 »Δ
1661 2771 1678 2774 „

87 2817 135 2910 ἶ
283 2863 288 2870 -·
320 2837 484 2885 Gratia
502 2845 551 2885 et
570 2853 660 2897 pax
680 2837 871 2884 Domini
890 2838 1038 2884 nostri
1052 2839 1162 2898 Jhu.
1196 2837 1305 2896 xpi.
1330 2837 1389 2882 sit
1414 2851 1593 2894 semper
1622 2835 1883 2881 nobiscum.

322 2914 538 2961 Aviendo
559 2915 731 2975 scripto
753 2916 958 2961 diversas
978 2930 1114 2960 vezes
1135 2919 1163 2960 a
1184 2916 1243 2960 V.
1269 2916 1324 2959 R.
1350 2930 1380 2972 y
1402 2929 1486 2972 por
1501 2913 1705 2959 diversas
1721 2912 1834 2966 vias,
1854 2927 1886 2969 y

233 3106 240 3109 -
275 3114 278 3118 .
306 3083 321 3107 ¹*
366 3082 429 3120 Ex
443 3084 685 3133 autographo
700 3083 744 3123 in
759 3085 838 3122 vol.
857 3085 909 3128 A,
928 3083 1076 3133 duplici
1092 3083 1200 3130 folio,
1218 3095 1258 3121 n.
1278 3082 1340 3129 37,
1359 3082 1467 3131 prius
1485 3081 1570 3128 371.
