2196 3548
353 309 425 344 490
956 302 1192 336 EPISTOLAE
1219 301 1385 334 MIXTAE

1114 548 1223 588 ¹5⁰

886 645 1123 692 MICHAEL
1150 656 1219 690 DE
1244 654 1449 692 TORREs

738 760 924 802 PATRI
955 758 1240 801 ANTONIO
1274 759 1357 800 DE
1390 757 1606 800 ARAOZ

819 873 1086 901 SALMANTICA
1113 873 1158 908 24
1184 872 1344 899 APRILIS
1374 862 1463 909 1548
1493 866 1518 898 ¹.

354 985 631 1029 Sal-manticam
649 997 738 1020 cum
756 985 871 1020 sociis
892 985 1017 1020 venit:
1038 984 1179 1029 frigide
1198 983 1646 1029 excipitur.——Melchior
1662 983 1771 1020 Cano
1789 983 1830 1019 in
1853 982 1989 1019 Socie-

427 1038 548 1067 tatem
573 1034 693 1068 verba
716 1045 737 1068 e
763 1038 952 1078 suggestu
977 1032 1196 1067 facit.—De
1222 1043 1263 1065 re
1290 1030 1472 1066 familiari
1501 1030 1987 1077 procuranda.—Estrada,

426 1080 491 1126 qui
510 1092 633 1126 nuper
651 1080 925 1116 Salmanticam
945 1084 1119 1120 venerat,
1139 1078 1308 1114 Pintiam
1326 1090 1368 1113 se
1386 1079 1565 1114 contulit.

1160 1162 1181 1196 †

1129 1200 1217 1241 Ihs.

444 1294 718 1337 Dulcissimo
742 1295 889 1338 Padre
910 1309 1030 1350 myo.

447 1371 606 1414 Gratia
626 1378 672 1415 et
693 1386 780 1427 pax
801 1371 982 1414 Domini
1003 1370 1144 1413 nostri
1166 1370 1223 1413 sit
1245 1385 1422 1430 semper
1443 1370 1694 1413 nobiscum.
1725 1371 1823 1413 Dos
1852 1369 1992 1413 letras

360 1462 497 1504 suyas
533 1463 559 1491 e
589 1449 798 1504 recebido
826 1449 1019 1504 despues
1046 1463 1134 1504 que
1162 1455 1291 1503 estoy
1319 1462 1378 1490 en
1406 1448 1693 1491 Salamanca:
1725 1447 1769 1490 la
1797 1445 1995 1503 primera

361 1539 465 1568 creo
488 1540 576 1581 que
598 1540 674 1568 era
695 1527 751 1568 de
775 1539 798 1580 3
822 1527 878 1568 de
900 1526 1120 1575 Hebrero,
1145 1539 1174 1580 y
1196 1525 1240 1567 la
1268 1531 1366 1567 otra
1392 1525 1449 1566 de
1479 1537 1503 1578 3
1531 1524 1588 1566 de
1616 1522 1762 1575 Abril,
1798 1536 1888 1578 que
1916 1535 1982 1566 re-

361 1603 460 1657 cebi
498 1617 571 1658 oy,
611 1617 718 1658 para
753 1603 906 1645 darme
938 1609 1092 1644 sancta
1123 1602 1391 1656 sobreeena,
1417 1601 1553 1656 junto
1581 1614 1668 1643 con
1693 1613 1784 1642 vna
1811 1601 1910 1643 ot‘ra
1935 1598 1996 1642 de

362 1679 496 1734 aquel
517 1679 904 1722 bienauenturado
925 1680 1090 1733 Duque
1118 1680 1150 1720 ².
1182 1679 1222 1720 Y
1252 1678 1294 1721 el
1321 1677 1395 1720 dia
1421 1678 1479 1720 de
1506 1677 1549 1719 la
1575 1678 1722 1728 hecha
1747 1676 1804 1728 de
1830 1676 1874 1723 la
1899 1673 1995 1731 pri—

362 1771 485 1799 mera
506 1758 619 1811 parti
641 1770 701 1811 yo
721 1756 778 1798 de
801 1756 971 1798 Toledo
987 1770 1094 1811 para
1110 1754 1237 1798 venir
1254 1759 1350 1807 aea,
1370 1753 1597 1796 hauiendo
1613 1753 1769 1796 estado
1791 1766 1848 1808 ay
1863 1751 1997 1808 cinco

362 1837 390 1875 ό
411 1832 499 1876 seis
521 1832 618 1876 dias
634 1847 720 1876 con
736 1833 778 1875 el
793 1838 927 1875 senor
948 1833 1039 1874 don
1057 1832 1204 1875 Pedro
1220 1832 1276 1874 de
1294 1831 1531 1886 Mendoca,
1550 1832 1766 1873 hermano
1787 1829 1861 1872 del
1878 1829 1992 1872 Car-

311 1927 314 1934 s
362 1910 497 1952 denal
518 1911 575 1953 de
597 1909 731 1953 Coria
752 1910 785 1961 ⁵,
816 1924 922 1965 para
948 1910 1028 1952 dar
1058 1910 1198 1952 orden
1225 1923 1283 1951 en
1311 1914 1408 1951 esta
1435 1914 1620 1950 nuestra
1646 1905 1825 1962 venida.
1857 1906 1994 1948 Y'asi

363 2001 524 2042 parece
547 2001 635 2042 que
658 1993 767 2029 tuue
789 1986 970 2029 ocasion
991 1987 1047 2028 de
1070 2000 1232 2041 pensar
1254 2000 1311 2028 en
1328 2000 1417 2040 que
1434 1984 1475 2027 el
1491 1983 1763 2027 sobrescrito
1779 1982 1836 2025 de
1851 1995 1995 2038 aque—

363 2064 422 2106 lla
445 2070 568 2107 carta
589 2078 662 2106 me
683 2064 726 2106 10
748 2062 960 2119 dirigiese
981 2067 1007 2105 a
1029 2063 1310 2114 Salamanca,
1336 2061 1373 2104 si
1395 2076 1454 2104 no
1478 2062 1604 2104 fuese
1630 2075 1712 2116 por
1738 2060 1893 2102 darme
1919 2072 1994 2102 es-

440 2208 448 2227 ¹
500 2206 559 2240 Ex
576 2206 816 2251 autographo
833 2205 873 2240 in
892 2206 968 2239 vol.
991 2205 1038 2247 A,
1059 2204 1206 2251 duplici
1225 2204 1331 2246 folio,
1352 2216 1390 2239 n.
1410 2203 1471 2249 43,
1490 2203 1597 2250 prius
1620 2202 1816 2248 478.-De
1843 2201 1995 2247 origine

365 2264 535 2310 Collegii
552 2264 886 2306 Salmanticensis,
913 2270 951 2299 et
977 2265 1025 2299 de
1052 2264 1238 2299 missione
1264 2263 1391 2299 Patris
1417 2264 1559 2298 Torres
1586 2261 1876 2304 Salmanticam‚
1903 2260 1996 2296 vide

368 2323 515 2359 cartas
532 2325 578 2359 de
598 2325 683 2359 San
700 2324 878 2371 Ignacio,
901 2329 928 2359 t.
949 2334 989 2366 11,
1010 2336 1097 2370 pag.
1119 2316 1240 2369 30:34,
1262 2328 1302 2359 et
1319 2323 1443 2368 46—48.

437 2386 451 2405 ²
502 2382 732 2418 Franciscus
751 2383 906 2428 Borgia.
1624 2415 1626 2418 .

437 2443 450 2463 ³
501 2444 573 2477 «D.
594 2442 720 2477 Pedro
737 2442 786 2477 de
805 2443 994 2477 Mendoza
1011 2443 1089 2489 hijo
1115 2443 1164 2478 de
1189 2443 1316 2488 Diego
1339 2441 1517 2477 Hurtado
1542 2441 1590 2476 de
1622 2439 1824 2482 Mendoza,
1851 2439 1999 2486 primer

365 2503 546 2549 Marques
563 2502 612 2537 de
631 2503 794 2544 Cafiete‚
814 2502 1084 2538 Comendador
1101 2503 1150 2538 de
1171 2503 1297 2538 Aledo
1320 2515 1346 2549 y
1371 2502 1535 2544 Totam,
1562 2500 1717 2547 capitan
1742 2499 1792 2535 de
1813 2500 1997 2535 hombres

362 2562 411 2597 de
430 2573 570 2603 armas,
590 2561 731 2596 casado
748 2572 820 2596 con
839 2561 907 2596 D.²²
927 2562 1098 2597 Aldonza
1116 2563 1164 2597 de
1183 2562 1417 2598 Castilla...»
1436 2563 1622 2602 BURGOS‚
1641 2560 1794 2595 Blason
1808 2559 1855 2594 de
1868 2558 1997 2606 Espa-

363 2625 431 2663 ἦα,
452 2627 480 2656 t.
506 2631 547 2662 11,
579 2633 667 2667 pag.
691 2620 1038 2665 148.—Cardinalis
1057 2621 1282 2657 Cauriensis
1307 2627 1368 2657 est
1394 2633 1512 2668 saepe
1538 2620 1717 2656 laudatus
1743 2617 1999 2654 «Franciseus

364 2680 413 2715 de
432 2680 634 2724 Mendoza,
652 2681 897 2722 conchensis,
917 2681 1115 2727 hispanus,
1136 2681 1369 2716 Marchionis
1386 2681 1435 2716 de
1454 2680 1631 2726 Cagnete
1653 2679 1770 2720 filius,
1796 2676 1999 2713 Archidia-

366 2751 487 2775 conus
506 2741 713 2781 toletanus,
732 2739 946 2786 Episcopus
965 2740 1203 2781 Cauriensis,
1225 2742 1355 2788 presb.
1376 2740 1491 2776 Card.
1512 2745 1557 2775 tt.
1590 2750 1621 2774 s.
1654 2737 1799 2774 Mariae
1828 2737 1878 2773 de
1901 2737 1996 2772 Ara-

365 2799 477 2841 coeli,
497 2804 584 2845 post
602 2805 646 2834 tt.
667 2810 698 2834 s.
720 2799 879 2845 Joannis
898 2806 986 2834 ante
1006 2806 1153 2846 portam
1172 2800 1363 2842 Latinam,
1383 2800 1526 2835 deinde
1539 2798 1754 2846 Episcopus
1767 2795 1998 2843 Burgensis,

367 2859 498 2905 presb.
531 2857 687 2894 Cardin.
720 2863 766 2893 tt.
799 2870 830 2892 S.
862 2858 1034 2900 Eusebii,
1065 2860 1253 2894 Senatum
1283 2871 1353 2906 pro
1383 2858 1561 2905 Philippo
1591 2858 1628 2892 II
1659 2847 1921 2898 Gubernator,
1951 2866 1999 2890 ac

367 2917 509 2953 deinde
528 2917 856 2964 Archiepiscopus
875 2918 1104 2953 Valentinus
1123 2920 1286 2960 electus,
1305 2917 1402 2953 obiit
1419 2929 1520 2953 anno
1534 2916 1681 2953 Christi
1698 2915 1827 2961 1566.»
1845 2914 1998 2951 CIACO-

368 2985 479 3019 NIUS,
508 2978 618 3012 Vitae
636 2980 673 3012 et
692 2979 808 3024 gesta
839 2977 1098 3012 Smnmorum
1123 2978 1379 3025 Pontificum,
1407 2977 1476 3012 lib.
1501 2986 1542 3020 11,
1570 2987 1659 3023 pag.
1690 2975 1794 3011 1128.
1822 2975 1999 3010 Praecla-

367 3048 450 3071 ram
467 3036 581 3082 hujus
599 3036 673 3071 viri
690 3035 877 3071 Societati
894 3037 964 3070 hoc
982 3048 1082 3071 anno
1101 3036 1280 3071 navatam
1295 3048 1450 3083 operam
1465 3039 1742 3071 commemorat
1755 3035 1999 3075 POLANCUS,

368 3097 398 3131 l.
419 3108 467 3138 c.,
488 3100 516 3131 t.
535 3105 562 3140 1,
581 3107 670 3142 pag.
691 3094 773 3137 268,
793 3107 831 3130 n.
852 3104 921 3140 229
940 3101 979 3130 et
998 3107 1085 3141 pag.
1107 3105 1189 3140 297,
1210 3108 1248 3130 n.
1270 3095 1351 3130 260.
