2190 3510
0 1028 4 1062 ,ψ-
14 1011 25 1018 ὶ
0 925 6 993 ,,,νν
0 851 4 907 ,γῆ
0 827 3 836 .-
0 777 6 817 v.-
0 703 14 767 vv--3
0 517 11 703 ‚..--5v--.-7.v¹
0 505 4 508 v
0 490 4 495 .
0 285 13 481 vva-{qnv-—fl-
0 252 10 285 v·-
0 204 16 240 ς’.

76 119 89 142 0>
78 59 85 62 :
0 0 124 40 Ξ

95 26 103 35 ο

887 218 1110 255 APPEme
1751 229 1816 268 591

660 376 843 407 ORDINE
875 376 1017 406 CIRCA
1051 377 1113 406 LI.
1133 376 1333 407 SCOLARI

261 483 326 540 9.⁰
387 479 458 538 [L’
482 477 737 528 invemata,
762 474 998 519 levandosi
1027 474 1177 519 inanzi
1199 476 1273 519 del
1295 475 1474 533 giorno,
1501 483 1547 520 et
1568 477 1596 519 l'
1623 484 1767 521 estate
1789 479 1817 519 l’

170 573 351 613 aurora,
375 563 422 601 et
443 554 676 614 pigliando
694 553 762 596 fra
782 551 847 596 sei
865 566 892 595 0
909 558 1026 596 sette
1042 553 1154 596 hore
1170 567 1250 609 per
1267 554 1309 596 el
1326 552 1590 608 quotidiano
1608 554 1820 607 dormire,

170 636 238 682 sia
260 650 324 680 un
343 633 587 680 escitatore
607 631 827 688 deputato
849 644 876 672 3
902 636 1079 685 questo.

239 719 308 759 10.
372 710 537 758 Subito
558 710 632 753 all'
657 723 821 752 aurora
843 706 950 751 tutti
971 706 1172 759 habbino
1194 722 1220 750 a
1242 707 1372 751 udire
1394 721 1486 751 una
1507 723 1671 752 messa.

238 801 306 836 11.
373 789 426 834 L’
450 787 594 832 andar
615 785 662 830 di
682 786 782 830 loro
814 784 860 828 di
882 785 974 828 due
1000 784 1048 827 in
1081 784 1188 836 due,
1222 785 1422 841 potendo
1459 799 1599 838 esser,
1640 801 1668 829 o
1697 801 1825 831 come

172 867 409 920 accadera,
434 864 501 910 sia
520 866 715 908 honesto
736 869 782 907 et
798 861 1056 907 edificativo
1074 876 1153 918 per
1175 862 1218 905 le
1234 863 1402 916 strade3
1422 861 1453 905 11
1469 862 1615 907 simile
1636 865 1825 908 faranno

173 945 339 990 stando
363 943 485 989 'nella
520 942 660 996 scola;
690 948 737 985 et
765 955 846 997 per
873 947 1036 996 questo
1063 939 1131 983 sia
1165 954 1344 996 sempre
1379 954 1472 983 uno
1508 948 1764 995 accusator,
1795 942 1826 985 il

173 1021 309 1079 quale
328 1021 478 1066 s'criva
498 1033 677 1076 sempre
697 1018 728 1062 li
751 1017 1055 1062 mancamenti
1077 1018 1135 1060 de
1152 1016 1258 1060 tutti
1280 1015 1311 1059 li
1333 1017 1512 1072 scolari,
1538 1018 1674 1062 etiam
1706 1019 1827 1063 circa

175 1099 221 1148 16
250 1113 358 1144 cose
382 1097 584 1152 minime,
614 1097 809 1154 perche,
838 1095 1175 1140 esercitandose
1211 1094 1331 1138 nelle
1367 1109 1474 1139 cose
1510 1095 1702 1183 piccole,
1735 1111 1827 1140 non

179 1190 379 1235 possono
399 1176 498 1221 cosi
522 1174 782 1219 sacilmente
803 1174 939 1218 eader
955 1173 1076 1217 nelle
1091 1171 1270 1230 grandi.

246 1266 314 1299 12.
378 1255 557 1299 Dentro
585 1252 706 1297 della
733 1266 840 1295 casa
868 1250 975 1294 tutti
1001 1257 1047 1294 et
1075 1254 1254 1307 sempre
1275 1249 1486 1307 parlino
1475 1266 1523 1294 1n
1544 1250 1704 1309 lingua
1725 1251 1828 1295 lati-

180 1346 256 1387 na;
281 1337 328 1376 et
348 1331 623 1383 mancando,
648 1329 680 1373 11
702 1330 912 1387 predetto
935 1335 1177 1373 accusator
1196 1326 1366 1372 habbia
1387 1341 1498 1372 cura
1519 1328 1565 1371 di
1582 1314 1768 1384 scriver,
1789 1337 1835 1373 et

178 1409 226 1454 di
246 1409 325 1467 poi
346 1408 458 1467 ogni
479 1407 719 1452 domenica
741 1421 770 1450 o
792 1405 871 1450 doi
892 1407 1019 1450 volte
1041 1406 1128 1450 alla
1149 1405 1408 1460 settimana,
1434 1407 1634 1450 secondo
1652 1408 1737 1451 che
1754 1422 1833 1464 per

178 1486 416 1545 sperienza
436 1487 671 1531 vedranno
699 1484 779 1542 piu
807 1485 1044 1528 moderato
1075 1498 1103 1527 o
1132 1497 1248 1528 anco
1275 1483 1464 1540 meglio,
1495 1486 1711 1527 accusata
1739 1484 1829 1528 cia-

178 1564 420 1610 scheduno
441 1565 528 1608 che
547 1565 658 1608 hara
682 1563 837 1607 fallato
858 1561 906 1605 in
926 1562 1191 1618 qualunque
1213 1575 1322 1606 cosa
1344 1560 1382 1605 si
1410 1561 1493 1615 sia,
1525 1561 1682 1606 avanti
1701 1562 1733 1605 il
1754 1576 1835 1606 su—

181 1641 378 1700 periore,
402 1640 435 1685 il
455 1641 590 1699 quale
611 1640 780 1684 habbia
801 1654 918 1697 gran
939 1653 1050 1683 cura
1071 1638 1117 1682 di
1140 1639 1396 1696 riprender,
1416 1639 1462 1682 d’
1487 1638 1665 1683 amonir
1686 1647 1732 1683 et
1754 1640 1835 1683 dar

182 1718 434 1777 penitentia
453 1719 658 1763 secondo
679 1719 765 1762 che
786 1717 1005 1762 accadera
1027 1724 1074 1761 et
1095 1717 1127 1760 li
1148 1718 1307 1774 pai-era
1328 1732 1452 1762 esser
1471 1717 1559 1774 'piu
1580 1733 1607 1761 a
1634 1717 1768 1762 laude
1790 1717 1836 1760 di

183 1796 290 1850 Dio,
314 1797 358 1841 al
379 1797 514 1854 quale
534 1795 738 1840 habbino
761 1794 868 1839 tutti
891 1795 1074 1852 integra
1094 1794 1350 1840 reverentia
1370 1802 1417 1839 et
1434 1794 1731 1854 obedientia]

182 1908 195 1913 -
248 1887 318 1931 13.
382 1866 586 1920 Maestro
621 1872 803 1930 Elpidio
834 1879 884 1917 et
918 1872 1118 1917 Maestro
1157 1872 1314 1917 Pietro
1350 1874 1387 1917 F
1390 1872 1502 1916 abro
1541 1872 1837 1918 studiaranno

182 1951 453 1997 libramente
474 1950 786 1996 ciascheduno
808 1950 852 1995 la
874 1965 958 1994 sua
979 1950 1165 1994 faculta.

408 2083 553 2117 CIRCA
576 2083 770 2116 ALCUNO
794 2083 918 2134 PQCO
942 2083 1126 2114 ORDINE
1149 2083 1200 2114 IN
1221 2083 1343 2115 CASA
1365 2085 1458 2114 PER
1480 2084 1612 2115 HORA

275 2182 432 2229 Primo
453 2183 576 2228 cirea
596 2183 639 2228 le
660 2197 770 2227 cose
791 2181 1030 2239 spirituali.

271 2270 319 2307 Ἰ.
386 2263 450 2306 Μ.
476 2259 656 2318 Elpidio
679 2267 725 2304 et
747 2261 810 2304 M.
839 2259 994 2306 Pietro
1017 2261 1053 2304 F
1057 2261 1168 2304 abro
1185 2261 1519 2305 attenderanno
1536 2261 1582 2305 di
1599 2261 1674 2318 poi
1692 2262 1733 2305 al
1751 2276 1837 2305 suo

187 2338 340 2384 officio
360 2338 604 2391 ordinario,
629 2353 656 2382 a
677 2337 749 2381 dir
776 2338 821 2382 la
841 2352 926 2381 sua
953 2352 1117 2391 messa,
1149 2344 1212 2391 et,
1242 2339 1447 2382 secondo
1476 2341 1562 2382 che
1589 2347 1835 2396 potranno,

187 2432 215 2466 a
240 2415 345 2461 udir
370 2417 535 2461 alcuna
561 2414 855 2460 confessione
883 2421 928 2459 et
957 2414 1187 2460 ministrar
1213 2415 1245 2459 li
1272 2415 1519 2460 santissimi
1548 2416 1836 2468 sacramenti,

187 2493 235 2539 ni
255 2494 468 2539 lassando
487 2493 519 2539 li
541 2492 645 2537 suoi
666 2492 805 2536 studii
827 2499 875 2537 et
895 2497 1102 2550 governo
1123 2493 1230 2537 delli
1258 2493 1359 2537 suoi
1387 2493 1566 2538 scolari.

278 2583 320 2617 2.
385 2569 533 2630 [Tutti
561 2570 592 2614 li
620 2570 783 2614 scolari
811 2584 862 2614 se
890 2571 1248 2615 confessaranno
1277 2579 1323 2616 et
1350 2570 1387 2615 si
1406 2571 1839 2615 communicaranno

184 2647 296 2708 ogni
316 2647 572 2702 domenica‚
598 2655 644 2692 et
667 2647 705 2691 si
729 2648 854 2697 fusse
876 2647 1013 2691 alcun
1034 2647 1361 2705 impedimento
1389 2664 1470 2706 per
1501 2648 1840 2693 communicar-

187 2726 243 2781 si,
267 2741 296 2772 o
317 2741 398 2784 per
419 2726 585 2771 alcuna
612 2724 898 2783 negligentia
918 2739 946 2769 0
968 2740 1049 2782 per
1071 2725 1276 2784 giudicio
1297 2727 1370 2770 del
1392 2727 1642 2779 confessor,
1668 2729 1706 2770 s’
1725 2727 1841 2770 hab-

186 2804 296 2849 bino
315 2803 363 2848 di
383 2802 696 2848 communicat
717 2802 748 2845 il
770 2803 942 2855 lunedi,
967 2810 1014 2846 et
1035 2803 1110 2847 chi
1131 2818 1227 2849 non
1254 2804 1310 2847 lo>
1324 2805 1420 2848 fara
1441 2804 1472 2847 il
1494 2804 1664 2857 lunedi,
1692 2819 1788 2848 non
1810 2804 1840 2847 li

187 2881 325 2926 diano
346 2880 706 2927 mantenimento
730 2880 964 2936 corporale
980 2880 1041 2923 fin
1060 2895 1087 2924 a
1103 2886 1230 2926 tanto
1246 2883 1332 2926 che
1354 2881 1466 2939 pigli
1482 2881 1841 2926 mantenimento

190 2958 440 3016 spirituale.
461 2959 522 3004 Se
544 2965 696 3002 tamen
713 2956 866 3001 alcuni
882 2971 1109 3001 vorranno
1125 2959 1404 3004 confessarsi
1421 2959 1498 3016 piu
1515 2974 1688 3016 spesso,
1710 2973 1841 3002 come

193 3035 270 3081 doi
290 3036 413 3082 volte
434 3036 554 3080 nella
575 3034 834 3090 settimana,
859 3049 1059 3091 possono
1082 3035 1194 3080 farlo
1210 3051 1291 3093 per
1307 3036 1386 3094 piu
1403 3037 1590 3094 profitto
1607 3035 1840 3093 spirituale
