2196 3548
397 264 441 291 12
1002 252 1237 286 EplsTOLAE
1266 248 1433 283 MIXTAE

391 355 577 400 sallidas
597 355 655 399 de
679 370 795 413 ruyn
817 352 1131 398 combatiente.
1159 350 1333 406 Plegua
1354 349 1396 391 al
1413 349 1559 393 Senot
1579 347 1636 390 de
1656 347 1811 390 darme
1832 346 1985 404 gracia
2000 362 2032 403 y

395 433 604 487 esiuerco
624 432 681 474 de
702 437 854 474 entrar
875 444 932 472 en
954 430 996 472 la
1017 428 1182 471 batalla
1203 440 1261 468 en
1283 439 1337 468 su
1359 423 1503 481 gloria
1523 438 1554 479 y
1574 437 1633 466 en
1653 422 1875 467 salbation
1890 422 1981 468 mia
1999 438 2030 480 y

395 507 560 552 vitoria
585 507 813 564 triunphal
849 513 1028 549 contras
1055 503 1254 559 aquellas
1290 500 1458 544 bestias
1484 500 1617 543 fieras
1654 514 1742 556 que
1768 514 1841 543 me
1877 499 2030 544 tienen

392 584 573 628 debaxo
594 585 651 628 de
672 598 750 627 sus
771 583 1014 633 banderas,
1040 594 1127 635 que
1148 594 1231 622 son
1253 579 1295 621 el
1322 577 1514 630 mundO,
1545 591 1702 630 carne,
1733 577 1775 620 el
1801 575 2026 620 demonio.

489 662 542 704 El
563 660 636 704 dia
657 673 746 716 que
767 662 881 716 parti
902 659 959 701 de
985 662 1190 700 vosotros
1212 657 1323 698 cene
1345 668 1431 697 con
1453 655 1579 697 Mase
1600 653 1736 697 Arias
1763 653 1798 707 ¹,
1828 654 1871 697 el
1896 654 2032 710 quoal

398 751 471 781 me
507 736 674 780 recibio
710 750 796 780 con
823 741 969 778 rostro
996 734 1150 790 alegre
1176 747 1206 788 y
1226 731 1450 788 jocundo,
1481 743 1630 787 segun
1657 743 1730 773 me
1757 729 1957 787 pareci63
1988 730 2032 774 el

394 814 533 870 quoal
553 817 681 857 antes
702 813 759 855 de
781 826 907 864 cena,
932 826 962 867 y
977 810 1095 853 inter
1115 808 1414 859 coenandum,
1439 821 1469 862 y
1485 806 1695 862 despues‚
1715 820 1802 850 con
1821 805 2032 862 solicitud

396 905 429 946 y
444 905 531 934 con
546 891 711 933 mucha
726 887 921 934 efficatia
937 901 1009 930 me
1025 885 1231 929 examino
1247 898 1304 927 en
1321 882 1563 940 particular
1578 883 1636 926 (18
1651 883 1763 927 88(18
1778 897 1884 936 vno,
1903 886 2037 930 06ωο
2082 888 2084 891 ’

393 964 603 1019 estaban,
627 980 657 1022 y
677 963 734 1008 de
754 965 798 1008 10
820 977 908 1020 que
930 962 1087 1006 dezian
1108 962 1197 1009 del.

488 1043 558 1086 Yo
575 1041 828 1098 respondile
845 1054 974 1084 como
994 1038 1127 1096 podia
1142 1038 1185 1081 al
1205 1036 1370 1094 primer
1391 1043 1555 1093 punto:
1581 1036 1624 1080 al
1644 1036 1916 1093 segundole
1935 1050 2034 1080 res-

400 1119 554 1176 pondi,
580 1133 668 1174 que
690 1132 762 1161 me
790 1116 1078 1160 marabillaba
1105 1115 1163 1158 de
1184 1129 1237 1176 su
1265 1113 1506 1170 prudentia
1532 1128 1562 1170 y
1589 1114 1740 1166 saber,
1771 1128 1834 1156 vn
1859 1113 2034 1157 honbre

400 1203 478 1239 tan
499 1195 710 1252 lleguado
731 1195 844 1237 alas
872 1193 1091 1236 medullas
1117 1192 1174 1234 de
1201 1191 1268 1234 105
1290 1197 1489 1234 secretos
1524 1189 1759 1233 interiores
1779 1205 1810 1247 y
1836 1189 2034 1234 exterio-

401 1286 473 1315 res
494 1272 524 1325 ²,
551 1278 677 1314 tener
697 1271 916 1327 sospecha
932 1283 1020 1325 que
1035 1268 1260 1311 dixiessen
1277 1282 1383 1310 cosa
1403 1266 1604 1310 indebita
1623 1282 1654 1324 y
1674 1267 1764 1311 mal
1783 1267 1841 1311 de
1861 1266 2033 1324 ningu-

402 1363 483 1401 no,
508 1352 535 1391 ὁ
556 1348 637 1391 dar
657 1351 684 1390 8
705 1347 921 1390 entender
942 1349 968 1388 8
989 1352 1112 1388 otros
1142 1345 1208 1388 185
1230 1358 1358 1387 80585
1385 1344 1527 1387 (181105
1548 1358 1607 1387 no
1628 1358 1702 1387 ser
1722 1358 1780 1387 en
1801 1344 1908 1388 todo
1927 1357 2034 1388 ver-

395 1425 604 1477 daderas,
629 1439 659 1480 y
680 1435 737 1467 en
758 1437 830 1466 ser
850 1429 957 1466 nota
978 1422 1020 1465 la
1040 1421 1114 1465 via
1134 1422 1276 1464 (181105
1297 1435 1406 1477 muy
1427 1427 1584 1464 sancta
1604 1435 1634 1477 y
1650 1435 1759 1477 muy
1774 1420 1988 1478 lleguada
2006 1424 2035 1464 8

398 1501 443 1544 18
464 1501 556 1544 vita
577 1500 839 1557 apostolica,
865 1499 934 1543 sin
955 1498 1107 1542 fiction
1137 1499 1305 1555 alguna
1325 1498 1382 1541 de
1403 1498 1470 1541 105
1497 1497 1782 1554 yluminados
1801 1512 1832 1554 y
1852 1497 2037 1554 finjidos

396 1577 575 1621 sieruos
590 1578 647 1620 de
663 1577 794 1629 Dios,
813 1591 908 1619 mas
930 1580 1058 1619 antes
1074 1575 1230 1618 siendo
1251 1575 1325 1617 (181
1341 1574 1565 1628 demonio;
1590 1575 1657 1618 105
1679 1575 1864 1630 quoales
1885 1573 2045 1618 sabeis.

402 1653 508 1696 bien
530 1667 618 1708 que
641 1654 842 1709 trabajan
862 1654 919 1695 de
941 1653 1112 1708 ayudar
1131 1667 1161 1708 y
1178 1651 1377 1695 caminar
1391 1652 1502 1694 alos
1521 1650 1878 1705 descaminados,
1901 1666 1933 1708 y
1951 1665 2036 1708 por

402 1730 508 1773 bien
529 1732 664 1773 hazer
684 1730 866 1773 reciben
893 1730 996 1772 mal.

493 1807 546 1849 El
568 1807 700 1862 quoal
721 1811 748 1849 8
768 1813 865 1849 esto
886 1805 1145 1862 respondio:
1171 1806 1275 1849 Non
1296 1804 1453 1862 pienso
1475 1819 1564 1860 que
1584 1804 1763 1862 diguan,
1777 1806 1866 1850 mal
1885 1806 1944 1849 de
1969 1809 2030 1850 mi

401 1995 442 2020 n.
461 1990 521 2029 97,
539 1984 636 2019 haec
653 1983 719 2019 ait:
741 1983 929 2019 «Michael
948 1984 1134 2018 molestus
1152 1983 1227 2018 fuit
1244 1988 1284 2018 et
1302 1984 1402 2018 male
1420 1982 1469 2018 de
1487 1983 1700 2029 Peregrino
1723 1984 1906 2031 [Ignatio]
1924 1990 2034 2032 prae'-

398 2041 571 2087 dicabat3
590 2042 765 2089 quicum
782 2047 873 2077 ante
898 2042 1211 2077 Gubernatorem
1233 2042 1273 2078 in
1293 2042 1358 2089 jus
1382 2047 1510 2084 vocat,
1535 2042 1711 2089 ejusdem
1734 2043 1935 2080 Michaelis
1957 2055 2034 2079 una

403 2101 570 2147 epistola
586 2102 692 2147 prius
710 2106 868 2137 ostensa
891 2101 1166 2143 Gubernatori,
1185 2113 1261 2149 qua
1284 2101 1492 2148 plurimum
1515 2102 1771 2148 Peregrinum
1791 2102 2035 2139 commenda-

406 2161 486 2195 bat.
512 2159 743 2196 Michaelem
766 2160 1017 2196 Gubernator
1039 2161 1252 2206 examinat3
1273 2160 1390 2208 idque
1414 2160 1602 2196 effectum
1620 2166 1682 2197 est
1703 2161 1876 2205 tandem,
1900 2166 1945 2198 ut
1965 2162 2036 2198 Mi-

400 2218 579 2253 chaelem
595 2219 719 2254 Roma
736 2219 892 2254 exulem
909 2218 1381 2254 denuntiaret.»—Eritne
1395 2220 1492 2255 haec
1504 2219 1588 2266 ipsa
1609 2220 1787 2267 epistola,
1807 2231 1924 2267 quam
1941 2220 2034 2256 olim

406 2277 582 2322 Ignatius
606 2277 869 2314 Gubernatori
892 2277 1081 2314 ostendit?
1105 2278 1249 2314 Scribit
1273 2278 1510 2315 Orlandinus
1534 2279 1740 2326 epistolam
1762 2284 1963 2316 ostensam
1984 2281 2036 2316 ab

404 2336 558 2381 Ignatio
575 2336 624 2371 ad
641 2337 807 2372 amicum
824 2337 1030 2385 quemdam
1049 2337 1171 2373 fuisse
1189 2338 1385 2384 scriptam,
1405 2350 1505 2385 quae
1529 2338 1592 2374 «in
1615 2338 1759 2385 Ignatii
1781 2350 1919 2375 manus
1940 2339 2035 2376 inci-

404 2394 484 2430 dit»
503 2395 630 2441 (Hist.
651 2396 750 2440 Soc„
772 2397 840 2432 lib.
859 2405 900 2438 11,
921 2409 959 2431 n.
978 2399 1053 2442 49);
1073 2397 1143 2432 sed
1159 2408 1248 2432 cum
1266 2408 1408 2432 nomen
1429 2397 1544 2432 istius
1562 2402 1750 2441 taceatur,
1775 2403 1815 2434 et
1837 2398 2034 2434 Stus.‘Pass

403 2465 494 2489 rens
511 2455 691 2490 habuerit
707 2467 798 2502 prae
815 2456 993 2491 manibus
1011 2456 1217 2502 ipsammet
1233 2457 1332 2492 hanc
1349 2456 1567 2503 epistolam,
1587 2457 1800 2493 verisimile
1817 2459 1956 2494 saltem
1973 2460 2035 2494 est

400 2513 582 2549 eamdem
599 2514 721 2550 fuisse
740 2514 1003 2550 Gubernatori
1021 2515 1249 2551 exhibitam.

479 2574 491 2595 ¹
541 2573 601 2608 De
624 2574 696 2608 hoc
719 2573 837 2609 silent
859 2573 1113 2616 Orlandinus,
1138 2574 1417 2617 Rivadeneira‚
1440 2575 1682 2622 Rodriguez,
1713 2577 1906 2612 Polancus
1933 2575 2034 2624 ipse,

398 2631 626 2678 caeterique
644 2633 866 2679 scriptores,
885 2634 952 2680 qui
972 2633 1206 2669 incunabula
1224 2634 1431 2670 Societatis
1453 2635 1710 2671 illustrarunt.
1735 2637 1795 2671 Ex
1816 2635 1865 2672 iis
1887 2629 2033 2676 tamen,

406 2701 506 2736 quae
523 2690 585 2726 hic
606 2691 727 2726 refert
750 2691 928 2734 Michael,
954 2697 1107 2727 constat
1130 2693 1244 2728 Arias
1268 2706 1290 2728 a
1313 2694 1502 2729 societate
1525 2699 1566 2729 et
1587 2694 1870 2730 consuetudine
1893 2694 2037 2741 Ignatii

401 2748 613 2791 defecisse,
632 2750 792 2796 perinde
810 2762 855 2786 ac
871 2750 950 2792 alii,
969 2751 1035 2797 qui
1052 2751 1092 2786 in
1109 2753 1364 2798 sequentibus
1388 2753 1565 2800 epistolis
1588 2759 1864 2797 memorantur,
1884 2754 1935 2790 de
1953 2754 2037 2802 qui-

407 2809 480 2844 bus
503 2809 609 2844 nulla
625 2809 700 2844 alia
716 2814 826 2845 extat
842 2811 1040 2846 memoria.
1061 2811 1253 2846 Nimirum
1276 2812 1434 2847 Parisiis
1456 2813 1588 2858 plures
1606 2813 1821 2849 «Dominus
1838 2824 1908 2861 per
1923 2814 2037 2860 Igna-

404 2867 505 2902 tium
533 2873 722 2910 moverat,
754 2873 796 2903 ut
824 2880 868 2903 se
898 2874 1000 2904 totos
1029 2869 1162 2904 divino
1192 2871 1379 2917 obsequio
1409 2871 1689 2918 manciparent,
1720 2884 1771 2907 ex
1799 2872 1942 2920 quibus
1970 2872 2037 2908 alii

406 2926 564 2973 quidem
581 2927 630 2963 ad
647 2928 860 2963 saecularia
877 2927 1114 2963 redierunt.»
1133 2929 1374 2971 POLANCUS,
1394 2930 1422 2965 l.
1442 2942 1489 2974 c.‚
1511 2942 1600 2977 pag.
1621 2939 1679 2976 50.

476 2989 491 3009 ²
541 2987 603 3024 Me
622 2987 871 3022 maravillaba
887 2999 963 3034 que
982 2999 1034 3023 un
1051 2988 1212 3024 hombre
1230 2988 1343 3024 desu
1366 2989 1577 3036 prudencia
1599 3002 1625 3036 y
1649 2991 1777 3033 saber,
1802 2995 1870 3027 tan
1891 2991 2040 3037 allega-

403 3046 503 3083 do...
523 3051 599 3084 etc.
617 3046 772 3083 tuviese
791 3047 992 3093 sospeeha.
1813 3052 1816 3055 ’
