2196 3548
348 280 393 325 58
951 286 1186 321 EPISTOLAE
1213 283 1380 317 ΜῙΧΤΑΕ

436 383 510 426 Vn
531 390 630 426 otro
652 383 834 427 italiano
856 391 925 427 sta
948 383 1145 427 tambien
1167 397 1224 426 en
1246 383 1313 426 los
1329 382 1583 436 exercitios,
1609 384 1806 426 Maestro
1827 396 1884 426 en
1905 398 1986 427 ar-

346 465 430 511 tes,
455 460 512 502 de
541 460 712 512 Padua,
742 461 930 503 hombre
958 475 1046 515 que
1069 475 1094 502 a
1121 458 1330 501 studiado
1357 472 1415 513 ya
1441 458 1567 501 sineo
1595 473 1736 514 anyos
1763 473 1822 502 en
1848 461 1984 503 theo-

344 535 467 591 logia
487 535 739 579 scolastica.
767 538 841 580 Ha
862 538 991 579 stado
1008 537 1148 592 algun
1166 534 1332 590 tiempo
1354 541 1482 577 entre
1502 535 1780 587 lutheranos,
1800 549 1830 591 y
1845 536 1977 578 hom-

346 611 426 654 bre
453 626 541 667 que
576 613 636 654 ha
661 613 857 668 gustado
894 615 1058 655 mucho
1089 612 1161 654 del
1189 611 1374 663 mundo,
1409 611 1452 653 al
1483 611 1588 666 qual
1618 618 1804 654 nuestro
1831 612 1983 656 Seflor

345 687 456 730 Dios
478 694 575 730 tant
596 687 1015 731 miraeulosamente
1036 703 1116 744 por
1140 688 1293 730 fuerza
1319 688 1361 730 1θ
1382 689 1441 730 ha
1469 687 1646 731 trahido
1667 691 1694 730 3
1714 688 1782 731 105
1803 688 1981 732 exerci-

347 763 448 816 tios,
474 779 563 820 que
583 779 632 807 es
653 779 759 808 cosa
780 779 886 821 para
907 766 1072 808 mucho
1094 763 1413 807 marauillarse.
1436 764 1524 807 Ale
1552 763 1728 807 trahido
1755 778 1813 807 en
1839 778 1984 821 pocos

345 839 443 883 dias
465 855 522 883 en
545 847 642 883 tant
663 855 778 897 gran
806 840 1157 884 conoscimiento
1184 841 1241 883 de
1262 843 1299 883 si
1326 839 1503 893 mismo,
1529 854 1618 895 que
1640 855 1698 883 en
1727 841 1887 883 verdat
1906 854 1986 884 me

346 931 530 973 patesce
562 932 650 960 vna
669 918 727 960 de
748 918 814 960 135
842 918 1038 974 grandes
1065 932 1193 960 cosas
1216 931 1304 972 que
1333 931 1391 959 θη
1418 923 1628 960 nuestros
1651 916 1842 973 tiempos
1862 918 1987 973 haya

345 992 479 1036 visto.
511 994 653 1050 Plega
677 1000 868 1061 (nuestro
898 995 1044 1038 Seflor
1073 993 1184 1037 Dios
1212 1007 1301 1048 que
1337 992 1439 1035 «vbi
1472 993 1722 1036 abundauit
1748 993 1984 1047 delictum,

347 1070 549 1112 abundet
569 1077 615 1112 et
636 1070 807 1127 gratia»
833 1069 863 1113 ¹.

436 1147 656 1190 Vuestras
677 1153 825 1190 cartas
846 1161 1031 1190 auemos
1052 1145 1278 1199 reeebido,
1309 1147 1366 1189 de
1400 1158 1450 1200 17
1472 1147 1547 1189 del
1568 1147 1776 1203 passado,
1800 1160 1884 1203 por
1913 1146 1985 1190 las

349 1223 506 1278 quales
541 1238 726 1266 anemos
762 1223 1005 1266 entendido
1042 1227 1171 1266 0οΥηο
1204 1224 1365 1266 dentro
1400 1224 1458 1266 de
1494 1225 1583 1267 XX
1619 1222 1716 1266 dias
1752 1222 1887 1266 auian
1921 1223 1985 1266 de

347 1299 486 1355 partir
513 1301 576 1343 M.
607 1301 643 1343 F
646 1314 859 1343 ranceseo
896 1300 1073 1352 Strada,
1112 1310 1144 1356 y
1169 1314 1317 1356 segun
1353 1313 1601 1356 pensauan,
1641 1299 1839 1342 tambien
1863 1301 1982 1358 Joan

280 1387 283 1389 ·
347 1375 571 1431 Philippo,
611 1391 642 1432 y
668 1380 765 1419 ansi
798 1377 864 1419 105
901 1391 1129 1432 speramos
1154 1390 1240 1420 con
1272 1391 1387 1432 gran
1417 1377 1569 1420 deseo.
1601 1377 1799 1420 Nuestro
1834 1376 1988 1421 senor

346 1451 459 1495 Dios
480 1453 547 1494 los
567 1453 669 1495 leue
689 1457 716 1496 3
737 1454 859 1496 buen
875 1452 1187 1496 saluamiento.
1208 1452 1368 1496 Misser
1385 1454 1583 1510 Angelo,
1609 1460 1655 1496 et
1674 1454 1780 1496 Don
1801 1450 1988 1496 Paulo*

348 1532 477 1571 estan
498 1543 608 1584 muy
628 1529 818 1582 buenos,
849 1529 1183 1585 proseguiendo
1211 1543 1290 1572 sus
1316 1528 1550 1573 lectiones.
1576 1531 1637 1575 Se
1659 1528 1987 1573 encomiendan
2047 1547 2050 1550 ·

349 1608 376 1647 3
403 1619 481 1647 sus
509 1604 749 1648 orationes.
782 1607 819 1648 E
847 1620 928 1661 por
949 1612 1046 1648 esta
1072 1620 1130 1648 no
1152 1609 1263 1658 mas,
1289 1605 1388 1649 sino
1421 1620 1510 1661 que
1540 1606 1583 1649 al
1613 1605 1703 1649 mio
1724 1605 1774 1653 in-
1802 1605 1990 1649 Christo

347 1681 611 1725 charissimo
633 1682 780 1725 Padre
801 1684 905 1725 Don
921 1683 1091 1740 Jacobo
1114 1683 1308 1738 Laynes,
1333 1682 1371 1726 si
1394 1686 1498 1738 aqui
1515 1682 1730 1736 stuviere,
1754 1697 1784 1739 y
1804 1686 1831 1726 3
1852 1682 1989 1726 todos

348 1758 416 1800 105
438 1764 560 1801 otros
581 1760 747 1801 mueho
769 1773 841 1801 me
863 1758 1218 1802 encommiendo.

438 1835 508 1877 De
531 1834 659 1877 Paris
681 1839 708 1878 3
735 1848 787 1888 14
808 1836 866 1878 de
889 1836 1057 1878 Febrer
1079 1836 1092 1858 ³
1120 1846 1246 1890 1541.

438 1910 632 1955 Nomine
653 1911 871 1964 omnium,

777 1990 853 2046 Jo.
880 2002 1192 2032 HIERONYMUS
1214 1990 1505 2041 DOMENECH,
1530 1988 1730 2032 omnium
1751 1987 1985 2034 minimuS.

437 2064 800 2120 Superscriptio:
828 2066 1096 2108 Reuerendo
1124 2064 1170 2107 in
1200 2065 1381 2108 Christo
1419 2065 1544 2108 Patri
1571 2067 1686 2109 D.n0
1713 2064 1890 2122 Ignatio
1925 2065 1987 2109 de

351 2141 537 2196 Loyola,
564 2143 749 2184 Romae.

350 2275 394 2310 P.
415 2275 639 2311 Leonardus
658 2277 811 2318 Kessel,
835 2275 876 2311 18
895 2276 1081 2322 Januarii,
1101 2289 1202 2312 anno
1223 2286 1326 2322 1545:
1348 2278 1423 2313 «M.
1443 2278 1673 2313 Franciscus
1690 2277 1740 2313 de
1763 2277 1879 2313 Calsa
1897 2277 1991 2314 reli-

349 2334 435 2380 quit
451 2346 536 2376 nos,
557 2340 598 2370 et
614 2335 687 2370 ivit
705 2335 962 2382 Antuerpiam
982 2348 1049 2382 pro
1068 2337 1257 2371 habendis
1281 2337 1457 2383 pecuniis
1481 2337 1530 2372 ad
1547 2337 1783 2373 studendum
1799 2337 1840 2373 in
1856 2336 1987 2384 aliqua

350 2394 632 2436 Universitate‚
652 2394 719 2430 ubi
736 2394 866 2430 studia
883 2395 1079 2431 florerent.
1099 2396 1173 2431 Pro
1192 2396 1279 2431 istis
1304 2402 1345 2431 et
1368 2401 1411 2432 ut
1434 2397 1625 2432 Dominus
1649 2390 1792 2443 dirigat
1813 2396 1898 2432 vias
1916 2408 1985 2432 no—

351 2457 451 2488 stras
475 2453 515 2488 in
538 2453 784 2500 beneplacito
807 2466 878 2489 suo
902 2454 1225 2490 sollicitamur...»
1250 2455 1351 2490 Vide
1384 2449 1531 2491 Cart'c‘ts
1548 2468 1573 2502 y
1598 2458 1704 2491 otros
1732 2456 1893 2492 escritos
1919 2456 1989 2492 dez

352 2513 402 2547 B.
425 2513 473 2547 P.
495 2513 627 2548 Pedro
645 2513 787 2556 Fabro,
810 2518 837 2548 t.
857 2523 882 2554 1,
904 2525 992 2560 pag.
1012 2521 1095 2558 427.

427 2573 437 2592 ¹
490 2571 554 2606 AD
572 2572 680 2606 ROM.
700 2581 740 2613 v,
761 2571 972 2607 20.—-Vide
991 2572 1195 2618 epistolam
1213 2578 1456 2620 sequentem.

423 2632 438 2651 ²
490 2630 666 2675 Angelus
685 2630 858 2665 Paradisi
877 2636 917 2666 et
934 2632 1078 2667 Paulus
1098 2633 1293 2668 Antonius
1311 2633 1348 2667 d’
1368 2632 1556 2668 Achilles.

424 2689 439 2709 ³
488 2689 669 2733 Febrero,
690 2690 938 2725 Februarius.
