2196 3548
923 242 1002 277 ΑΝ.
1034 241 1124 287 1548
1774 242 1846 289 473

516 434 812 467 EPISTOLIUM
846 435 1018 467 PATRIS
1050 435 1301 467 FRANCISCI
1337 434 1529 466 ONFROY

674 577 943 626 superioribus
961 577 1103 616 litteris
1121 577 1319 625 adjectum
1340 579 1367 612 ¹.

286 736 355 781 Lo
375 748 466 793 que
486 734 620 793 sigue
647 750 697 780 es
718 735 792 780 del
815 737 869 781 Ρ.
894 735 1139 780 Francisco
1167 735 1363 792 Onstoy,
1389 735 1622 779 conforme
1650 739 1677 778 a
1704 735 1748 778 lo
1771 750 1832 779 so-

194 812 432 859 bredicho.

284 890 592 936 Conformiter
613 892 671 955 ad
692 891 927 949 superiora
949 893 1103 950 (Pater
1128 890 1409 947 Reverende)
1438 889 1548 932 mihi
1577 889 1697 934 idem
1725 890 1848 934 desi-

192 967 375 1014 derium
410 968 597 1026 petendi
624 970 855 1013 desertum
883 976 990 1013 ante
1019 969 1183 1013 Natale
1210 967 1395 1013 Domini
1427 966 1611 1024 saepius
1636 967 1779 1021 venit,
1810 967 1847 1011 si

195 1046 383 1104 quando
402 1060 515 1090 vero
535 1046 647 1090 mihi
674 1047 860 1091 daretur
889 1046 1097 1101 facultas;
1127 1045 1251 1103 quod
1277 1059 1382 1089 cum
1410 1059 1665 1098 renuerem,
1697 1045 1848 1088 consi—

192 1121 366 1170 deratis
385 1123 500 1168 meis
519 1123 710 1178 viribus,
743 1131 959 1181 tanquam
987 1129 1432 1182 praesumptuosum,
1463 1137 1749 1180 cognoscens
1775 1123 1849 1167 vel

194 1200 477 1260 perfectione
503 1202 579 1246 vel
607 1208 756 1246 tractu
785 1201 984 1260 Spiritus
1006 1201 1164 1247 Sancti
1191 1201 1249 1245 ad
1276 1202 1364 1245 hoc
1399 1215 1515 1258 opus
1542 1215 1660 1255 esse,
1696 1207 1848 1245 tamen

193 1278 308 1324 mihi
327 1280 594 1324 remanebat
614 1280 838 1337 quaedam
859 1294 964 1337 spes
991 1279 1236 1336 aliquando
1261 1278 1412 1336 ipsum
1439 1277 1654 1331 adeundi,
1685 1293 1741 1322 ex
1763 1279 1850 1322 hoc

192 1357 319 1415 quod
338 1356 615 1402 desiderium
637 1356 760 1401 istud
782 1356 892 1401 mihi
909 1356 1155 1414 aliquando
1171 1363 1361 1402 venerat
1377 1370 1482 1400 cum
1506 1356 1700 1400 facerem
1718 1370 1850 1399 exer—

191 1432 319 1489 citia,
345 1435 563 1479 facultate
584 1435 828 1492 aliquando
850 1434 960 1478 mihi
983 1449 1218 1489 concessa,
1238 1435 1296 1479 ad
1318 1435 1443 1491 quod
1463 1435 1658 1478 multum
1675 1433 1849 1477 anima·-

194 1513 280 1557 bar
299 1526 407 1557 cum
427 1511 475 1556 in
495 1512 613 1558 libro
634 1512 1005 1557 conformitatum
1033 1512 1127 1556 divi
1153 1514 1190 1557 F
1192 1512 1386 1557 rancisci
1415 1513 1570 1569 legere
1597 1511 1708 1554 mihi
1736 1526 1846 1555 con-

190 1589 415 1648 tingeret,
454 1589 756 1635 desiderando
798 1590 922 1647 quod
964 1591 1126 1635 Patres
1168 1584 1351 1634 nostrae
1394 1589 1657 1643 Societatis,
1699 1590 1849 1646 quoad

191 1667 461 1722 orationem,
500 1667 794 1712 solitudinem
831 1675 879 1713 et
914 1667 1170 1726 proximum
1183 1702 1193 1722 ,
1225 1668 1409 1712 easdem
1447 1666 1770 1712 alternationes
1804 1675 1850 1711 et

124 1756 126 1758 ’
191 1745 539 1791 vicissitudines>
549 1745 863 1801 observarent,
884 1761 999 1803 quas
1014 1746 1149 1790 divus
1165 1748 1202 1791 F
1204 1746 1438 1790 ranciscus
1461 1752 1507 1790 et
1531 1746 1691 1789 fratres
1708 1744 1850 1803 ipsius

193 1824 517 1878 observabant,
541 1837 592 1868 se
613 1838 694 1881 per
714 1816 869 1868 omnia
890 1824 1075 1869 Christo
1096 1825 1450 1877 conformanteS,
1481 1822 1676 1867 maxime
1697 1822 1849 1866 consi-

190 1901 351 1947 derata
377 1901 665 1959 deceptione,
691 1916 810 1959 quae
836 1909 907 1946 est
934 1901 981 1946 in
1009 1901 1225 1960 operibus
1252 1901 1429 1956 activis,
1460 1909 1512 1946 ut
1539 1901 1586 1944 in
1614 1900 1847 1958 praedica-

190 1979 318 2025 tione
337 1985 385 2024 et
405 1979 696 2024 confessione
716 1986 826 2033 etc.,
852 1994 970 2037 quae
997 1980 1303 2037 perfectorum
1325 1986 1434 2024 sunt
1460 1994 1614 2037 opera,
1646 1980 1703 2022 ad
1732 1993 1849 2035 quae

189 2057 424 2116 operanda
450 2059 578 2103 Deus
607 2057 740 2102 nobis
767 2073 861 2102 non
889 2057 1082 2116 indiget,
1115 2072 1222 2102 cum
1258 2073 1449 2103 necesse
1480 2058 1540 2102 sit
1573 2058 1695 2114 quod
1732 2071 1848 2114 opus

189 2141 410 2193 sequatur
430 2143 640 2180 naturam
662 2135 971 2180 instrumenti:
997 2135 1035 2180 si
1056 2135 1412 2180 instrumentum
1434 2137 1751 2180 defectuosum
1769 2134 1844 2188 sit,

189 2213 395 2271 profecto
420 2228 536 2271 opus
557 2212 644 2258 erit
660 2214 978 2258 defectuosum
995 2221 1075 2258 aut
1090 2213 1362 2271 impolitum.
1388 2216 1516 2259 Deus
1533 2220 1685 2257 autem
1703 2212 1848 2270 primo

189 2290 383 2362 requirit
402 2298 605 2336 nostram
626 2290 969 2348 perfectionem,
995 2292 1053 2335 ad
1073 2291 1331 2350 proximum
1354 2299 1507 2337 autem
1530 2292 1629 2335 vult
1651 2306 1734 2335 nos
1766 2291 1847 2334 de

191 2369 413 2414 scendere
429 2383 534 2414 cum
552 2369 665 2413 tales
681 2368 868 2423 erimus,
890 2376 940 2413 ut
956 2383 1245 2426 nequaquam
1262 2369 1406 2428 ipsius
1423 2368 1769 2414 conversatione
1790 2368 1847 2412 ab

191 2445 337 2504 ipsius
357 2446 615 2505 praesentia
637 2445 826 2490 distrahi
847 2446 1092 2504 possimus3
1117 2448 1240 2504 quod
1262 2447 1446 2505 quidem
1469 2447 1567 2492 fieri
1589 2462 1683 2491 non
1699 2453 1850 2504 potest

190 2523 294 2569 sine
313 2539 483 2583 magna
503 2524 824 2569 recollectione
845 2524 933 2579 sui,
953 2524 1064 2569 alias
1085 2524 1133 2569 in
1149 2524 1271 2570 mille
1286 2525 1481 2570 venialia
1503 2526 1635 2583 (quae
1651 2525 1709 2568 ad
1725 2538 1846 2581 mor—

190 2601 299 2647 talia
320 2601 583 2660 disponunt)
605 2601 823 2646 continue
844 2602 1077 2657 cademus,
1103 2617 1298 2660 quorum
1321 2603 1579 2648 commissio
1601 2602 1845 2647 venialium

189 2679 318 2738 pejor
353 2686 424 2725 est
453 2695 589 2738 quam
619 2680 760 2725 totius
788 2680 947 2724 mundi
975 2680 1212 2726 machinae
1237 2681 1370 2726 ruina
1398 2689 1444 2726 et
1471 2680 1739 2735 destructio,
1771 2679 1847 2742 [et]

186 2757 382 2816 amplius
403 2761 532 2804 Deus
552 2759 653 2803 vult
675 2773 759 2803 nos
787 2773 950 2803 cavere
977 2759 1035 2802 ab
1062 2758 1172 2804 illis:
1208 2760 1496 2804 considerato
1519 2773 1702 2816 quoque
1724 2760 1846 2816 quod

186 2834 302 2881 haec
319 2835 528 2882 Societas
545 2836 735 2894 requirit
750 2836 872 2881 viros
889 2837 1166 2894 apostolicae
1185 2838 1495 2896 perfectionis,
1521 2844 1680 2895 utpote
1702 2837 1743 2882 ei
1766 2853 1846 2895 per

184 2913 344 2959 omnia
364 2913 552 2969 similes,
577 2915 689 2960 alias
711 2914 1092 2974 periculosissima
1113 2922 1199 2960 est.

269 3084 279 3106 ¹
330 3083 390 3119 Ex
407 3089 653 3132 transumpto
671 3084 710 3120 in
727 3085 806 3120 vol.
827 3084 877 3127 A,
897 3084 1014 3121 unico
1027 3084 1135 3131 folio,
1154 3097 1193 3122 n.
1216 3094 1284 3122 110
1301 3087 1366 3130 bis,
1386 3085 1492 3133 prius
1511 3094 1594 3130 505.
