2196 3548
867 300 924 327 An
950 299 1177 327 LECTOREM
1818 306 1846 337 q

194 394 450 455 pertinaces
483 393 714 438 interdurn
750 392 854 437 lites
890 393 1082 437 fundata
1116 392 1325 450 collegia.
1366 393 1605 437 Invenient
1641 396 1846 452 germani

144 485 445 554 fimorum
467 485 658 528 Patrum
686 497 768 541 pro
788 450 884 526 fide
890 477 1223 557 conservanda
1249 486 1443 526 conatus
1470 490 1516 526 et
1538 482 1584 526 in
1612 482 1848 527 retinenda

159 571 526 632 &evulganda
550 587 632 631 per
657 574 874 630 populum
902 584 1032 617 sacra
1056 571 1266 616 doctrina
1293 571 1552 630 religiosam
1579 571 1849 616 sollicitudi-

196 670 326 719 nem..
358 663 551 709 omnes
569 658 768 719 denique
806 661 1075 706 Provinciae
1110 660 1376 715 Societatis,
1416 675 1534 718 quae
1571 661 1850 719 temporibus

198 752 365 813 Ignatii
385 751 615 797 stabilitae
636 751 822 805 fuerint,
848 751 1019 808 aliquid
1050 765 1107 795 ex
1133 750 1206 795 his
1232 749 1435 808 epistolis
1462 750 1734 807 percipient,
1760 765 1850 806 quo

196 856 356 888 earum
376 841 509 900 origo
529 856 622 886 non
642 839 932 885 mediocriter
952 839 1220 884 illustretur.

227 970 233 974 .
288 931 469 978 Minuta
488 931 713 989 quaedam
735 937 782 975 et
802 929 1012 988 vulgaria
1034 930 1151 974 forte
1172 928 1274 986 quis
1294 929 1475 973 dixerit.
1502 931 1628 982 Esto,
1653 928 1744 972 sint
1765 929 1850 972 mi-

197 1028 333 1077 nuta,
357 1020 707 1080 sintvulgaria,
732 1021 815 1065 sed
841 1027 949 1064 sunt
972 1021 1093 1065 facta
1119 1018 1364 1066 Societatis
1390 1018 1556 1076 prima,
1587 1026 1635 1062 et
1661 1018 1851 1076 proinde

195 1110 562 1156 aneminejsuae
580 1110 823 1169 religionis
850 1109 1058 1154 studioso
1077 1109 1380 1168 negligenda.
1413 1108 1619 1153 Placebit
1646 1123 1758 1167 ergo
1780 1108 1852 1151 in—

197 1199 408 1259 telligere
429 1214 522 1258 quo
542 1207 677 1258 pacto
699 1199 887 1245 Parisiis
907 1206 1200 1244 versarentur
1221 1198 1365 1243 nostri
1380 1199 1577 1256 juvenes
1598 1213 1718 1243 anno
1741 1209 1847 1254 1541

198 1295 247 1334 et
265 1290 488 1334 Durando
508 1290 766 1343 studerent,
803 1303 944 1346 quum
967 1288 1183 1332 studendi
1205 1289 1304 1334 Sto.
1331 1289 1535 1332 Thomae
1556 1286 1855 1331 commoditas

196 1380 396 1426 deesset.
421 1379 629 1425 Placebit
654 1379 861 1424 ordinem
882 1378 1138 1423 studiorum
1165 1393 1440 1437 agnoscere,
1472 1393 1608 1435 quem
1636 1378 1683 1421 in
1713 1377 1852 1422 Billo-

196 1469 345 1515 mensi
372 1469 581 1528 Collegio
607 1485 728 1525 anno
762 1471 876 1526 1556
902 1469 1059 1514 Nostri
1087 1470 1321 1514 tenebant.
1353 1469 1560 1514 Placebit
1591 1468 1730 1522 scire,
1763 1483 1854 1525 qua

193 1558 374 1605 ratione
399 1559 686 1606 Viennenses
721 1559 833 1605 socii
869 1561 1024 1605 sedem
1047 1559 1147 1629 *sibi
1183 1559 1391 1604 stabilem
1429 1566 1767 1617 compararunt,
1808 1567 1854 1602 et

192 1647 365 1706 quibus
385 1649 626 1694 conatibus
641 1649 911 1703 institerint,
931 1657 984 1694 ut
999 1649 1269 1708 episcopalis
1290 1649 1493 1708 dignitas
1509 1665 1536 1694 a
1552 1651 1696 1694 Beato
1714 1651 1853 1693 Petro

198 1738 385 1784 Canisio
409 1745 656 1784 arceretur.
682 1740 948 1800 Jucundum
977 1739 1064 1784 erit
1089 1739 1406 1784 oeconomicas
1433 1739 1734 1796 quorumdam
1757 1738 1853 1782 col-

194 1825 423 1888 legiorum
451 1827 748 1874 difficultates
774 1829 953 1883 audire,
983 1844 1070 1874 nec
1097 1829 1249 1874 minus
1275 1828 1394 1874 scitu
1416 1828 1608 1887 dignum
1630 1828 1737 1882 erit,
1764 1843 1855 1885 qua

193 1916 374 1963 ratione
397 1917 447 1963 in
473 1917 781 1974 missionibus,
812 1919 861 1963 in
888 1919 1202 1974 concionibus,
1232 1920 1279 1964 in
1307 1919 1537 1964 catechesi
1564 1919 1720 1964 Nostri
1747 1933 1853 1963 ver-

194 2014 424 2062 sarentur,
449 2007 617 2066 quibus
637 2008 686 2054 in
705 2009 844 2054 rebus
859 2010 1089 2067 quaedam
1106 2009 1336 2054 interdum
1359 2016 1580 2067 apparent
1595 2010 1653 2053 ab
1669 2009 1852 2053 hodier-

194 2095 271 2142 nis
289 2096 495 2142 moribus
515 2113 610 2142 non
631 2113 792 2156 parurn
813 2099 1011 2144 diversa.

269 2182 366 2233 ‘Da
380 2201 595 2233 RArloNE
612 2202 663 2233 m
682 2203 891 2235 EDENDIS
902 2191 1162 2236 Erus-roms
1174 2192 1355 2235 M1xrls
1367 2190 1854 2235 TENENDA.—-Omnes

193 2276 434 2335 Epistolae
453 2278 632 2322 Mixtae
652 2278 800 2336 spatio
823 2279 1110 2337 undeviginti
1131 2294 1356 2324 annorum
1379 2279 1686 2332 continentur,
1719 2290 1767 2334 15
1774 2290 1855 2335 37-

205 2367 334 2423 1556.
378 2365 541 2412 Visum
578 2374 649 2412 est
689 2368 849 2412 ordine
889 2369 1215 2428 chronologico
1257 2384 1335 2414 eas
1377 2369 1528 2414 edere.
1575 2370 1674 2415 Sub
1715 2369 1852 2412 finem

195 2456 424 2514 qu‘usque
443 2457 688 2502 voluminis
716 2458 810 2516 apti
846 2458 1020 2504 indices
1045 2459 1361 2517 disponentur,
1386 2473 1467 2516 per
1499 2473 1614 2515 quos
1643 2458 1855 2503 facillime

196 2543 394 2608 inveniri
413 2546 590 2604 possint
610 2547 778 2601 omnia,
803 2563 921 2605 quae
943 2549 1001 2594 ad
1021 2556 1193 2594 certam
1215 2564 1472 2607 personam,
1498 2549 1555 2592 ad
1577 2555 1747 2592 certam
1770 2549 1854 2591 do-

197 2646 324 2679 mum
346 2642 428 2680 aut
447 2635 693 2694 collegium
715 2637 763 2681 in
783 2637 1016 2682 volumine
1037 2639 1311 2696 pertineant.

289 2725 341 2769 In
361 2725 566 2782 qualibet
586 2725 777 2784 epistola
799 2727 993 2785 primum
1023 2728 1300 2772 indicabitur
1320 2730 1448 2772 locus
1471 2729 1593 2771 unde
1613 2728 1854 2783 desumpta

195 2821 285 2859 aet.
325 2815 577 2860 Multitudo
611 2816 906 2874 epistolarum
943 2818 1125 2876 digesta
1161 2826 1232 2863 est
1263 2819 1310 2862 in
1346 2833 1426 2862 sex
1454 2817 1701 2870 volumina,
1737 2831 1855 2872 quae

195 2902 361 2949 litteris
381 2905 443 2959 A,
469 2906 524 2959 B,
549 2906 605 2959 C,
624 2907 684 2959 D,
710 2907 764 2960 E,
784 2909 821 2951 F
837 2907 1198 2965 designabimus.
1225 2910 1343 2953 Tum
1365 2907 1670 2951 declarabitur
1692 2914 1855 2950 natura

196 2992 373 3052 scripti,
390 2993 510 3038 sitne
525 2998 879 3054 autographum,
900 3013 958 3041 an
974 2997 1212 3055 originale,
1232 3013 1289 3042 an
1306 3013 1482 3042 merum
1500 3004 1850 3053 transumptum.

291 3083 528 3142 Epistolae
548 3085 634 3129 Sti.
666 3087 863 3144 Ignatii,
893 3087 1128 3143 Epistolae
1150 3088 1327 3131 Mixtae
1348 3095 1394 3131 et
1416 3088 1620 3130 Litterae
1646 3086 1854 3141 Quadri—
