2196 3548
305 307 377 343 444
906 302 1142 336 Ems‘rOLAE
1169 301 1336 335 M1xrAE

304 412 383 455 per
400 413 527 443 mezo
543 399 606 442 dil
621 407 776 444 nostro
792 403 896 445 Don
914 402 1145 446 Saluestro
1162 399 1383 453 Landino,
1403 414 1545 457 prego
1562 401 1619 445 V.
1646 402 1700 444 R.
1721 401 1766 444 lo
1787 400 1941 458 uoglia

306 475 389 518 far'
414 478 571 519 restar’
601 491 687 520 con
724 477 799 520 noi
835 492 915 534 per
950 477 1217 520 consolidar’
1251 477 1295 519 la
1315 478 1468 519 buona
1489 491 1599 533 opra
1625 476 1940 521 comminciata

304 551 422 595 delle
458 553 694 608 frequente
729 553 1017 606 confessioni,
1059 552 1380 606 communioni,
1421 552 1650 609 prediche,
1689 552 1865 614 lettioni
1891 560 1938 598 et

305 627 562 672 inhibitioni
572 630 688 673 delle
698 630 974 682 bestemmie,
989 629 1304 686 procuratione
1314 629 1360 672 di
1376 643 1503 686 pace,
1517 639 1562 672 et
1579 628 1656 686 gia
1673 630 1799 683 fatte,
1817 630 1937 674 doue
1972 670 1978 671 .

304 718 381 748 era
401 704 690 750 interuenuta
706 714 850 750 morte
866 707 910 749 d’
930 706 960 748 li
977 705 1179 748 huomini
1196 705 1423 762 graduati,
1444 705 1745 750 exhortationi
1762 706 1848 750 alle
1863 720 1948 772 re-7

303 780 461 837 ligioni
483 781 529 824 di
550 781 732 839 virgini,
757 783 960 826 huomini
982 789 1025 826 et
1050 782 1248 835 fanciuli,
1269 789 1314 825 et
1330 781 1407 839 gia
1422 797 1481 826 ne
1496 782 1676 827 sariono
1691 783 1862 837 intrati,
1886 796 1938 828 se

302 857 333 899 li
355 858 516 914 prelati
538 874 629 902 non
651 859 681 901 li
705 861 941 903 uolesseno
963 862 1141 916 prouar’
1166 873 1245 915 per
1267 860 1404 916 longa
1425 854 1777 916 perseuerantia,
1806 867 1855 905 et
1874 860 1939 906 si·-

302 933 408 978 mile
429 935 541 979 altre
562 950 671 992 opre
692 935 764 992 pie
786 943 831 979 et
852 936 897 979 di
920 936 1240 989 misericordia;
1266 938 1374 992 pero
1398 938 1455 980 V.
1482 938 1536 980 R.
1563 951 1620 980 ne
1643 937 1758 981 facia
1779 945 1940 994 questa

302 1010 469 1066 special
478 1011 625 1068 gratia
640 1027 720 1069 per
737 1013 916 1068 qualchi
934 1012 1082 1069 giorni
1099 1014 1312 1065 anchora,
1332 1014 1498 1068 perche
1515 1015 1559 1055 n’
1577 1028 1784 1058 auemmo
1800 1014 1939 1074 molto

282 1086 349 1129 >di
370 1087 579 1144 bisogno,
605 1089 746 1132 sendo
767 1089 814 1131 in
836 1097 995 1144 queste
1015 1088 1130 1145 parti
1153 1089 1291 1132 molta
1312 1088 1569 1145 ignorantia
1589 1090 1647 1133 de
1667 1090 1771 1134 Dio.

393 1165 496 1208 Non
523 1166 652 1209 altro,
684 1167 741 1210 V.
783 1167 836 1209 R.
877 1180 1018 1222 prega
1053 1164 1082 1207 il
1120 1164 1315 1222 Signore
1345 1180 1425 1222 per
1446 1166 1537 1219 noi,
1563 1167 1836 1211 offerendoci
1863 1167 1939 1212 alli

304 1240 406 1284 suoi
427 1241 595 1298 piaceri
617 1243 691 1286 nel
713 1242 921 1299 Signore.

390 1320 441 1362 In
463 1318 710 1363 Castilione
731 1319 805 1362 alli
829 1331 883 1374 23
906 1319 952 1361 di
974 1320 1236 1363 Nouembro
1265 1331 1392 1375 1547.

390 1397 461 1438 Da
483 1395 686 1452 figliuolo
708 1396 753 1438 in
777 1398 915 1452 Xpo.,
936 1403 981 1439 et
1002 1397 1047 1439 d.
1068 1397 1125 1440 V.
1153 1397 1400 1441 Paternita.

940 1475 1141 1517 TOMAso
1172 1474 1313 1518 GONz
1329 1500 1388 1506 —
1404 1500 1463 1507 —-
1478 1501 1537 1507 —
1559 1477 1708 1520 ΡΑ.Νο

390 1549 746 1606 Superscriptios
774 1550 803 1608 †
826 1551 885 1594 Al
907 1550 995 1593 mio
1017 1551 1090 1592 nel
1112 1549 1306 1607 Signore
1327 1552 1468 1595 molto
1489 1551 1599 1596 R.d0
1627 1554 1775 1597 Padre
1800 1555 1934 1598 Mtre.

302 1625 479 1682 Ignatio
507 1626 677 1679 Loiola,
710 1627 945 1683 Preposito
974 1627 1090 1670 della
1120 1627 1402 1685 Compagnia
1433 1630 1490 1672 de
1516 1629 1676 1683 Giesu,
1706 1629 1754 1673 in
1775 1631 1933 1674 Roma.

305 1816 545 1858 Chronicon,
565 1821 593 1851 t.
613 1825 639 1860 1,
658 1827 747 1863 pag.
767 1815 850 1860 232,
869 1829 907 1851 n.
931 1826 1009 1862 190.
1036 1817 1136 1852 Vide
1154 1818 1256 1853 hunc
1273 1819 1415 1863 locum,
1434 1825 1474 1855 et
1495 1820 1669 1856 Litterae
1691 1822 1936 1866 Quadrime-

299 1879 415 1918 stres,
434 1880 462 1911 t.
482 1885 509 1920 1,
532 1886 621 1922 pag.
653 1876 882 1921 54.—-Porro
900 1882 1007 1912 tanta
1024 1876 1098 1912 fuit
1116 1876 1396 1924 oppidanorum
1413 1879 1635 1922 commotio,
1656 1880 1822 1916 Landini
1844 1892 1937 1917 con-

299 1934 477 1971 cionibus
496 1935 678 1980 excitata,
697 1941 740 1971 ut
755 1936 977 1983 «plurimi...
997 1936 1037 1972 in
1051 1936 1127 1972 illis
1146 1937 1256 1982 locis,
1276 1950 1298 1973 a
1315 1938 1530 1975 Castilione
1543 1939 1662 1987 (quod
1675 1940 1861 1988 oppidum
1873 1945 1936 1977 est

301 1994 342 2029 in
358 1994 506 2030 ditione
522 1994 758 2040 Florentiae)
777 2008 899 2043 usque
913 1996 962 2031 ad
975 1997 1365 2040 pontemtremulum,
1381 1997 1418 2033 ei
1432 2010 1474 2034 se
1488 1998 1726 2046 conjungere
1744 1999 1785 2036 in
1801 1999 1935 2036 divino

298 2053 489 2101 obsequio
506 2055 730 2101 optabant.»
750 2055 989 2099 PoLANCUS,
1009 2055 1121 2097 ibid„
1141 2067 1229 2103 pag.
1246 2055 1328 2092 233.
1349 2058 1398 2093 Et
1414 2069 1504 2093 cum
1522 2058 1719 2094 Landinus
1737 2063 1873 2106 postea
1886 2070 1936 2095 ex

299 2124 347 2148 ea
363 2113 525 2159 regione
542 2113 759 2149 discessum
777 2119 942 2160 pararet3
964 2114 1270 2161 «scripserunt...
1290 2115 1339 2151 ad
1353 2116 1396 2151 P.
1417 2117 1626 2163 Ignatium,
1641 2123 1720 2153 tarn
1734 2118 1937 2155 Guberna-

301 2179 363 2208 tor
379 2185 496 2220 quam
514 2172 691 2209 Vicarius
718 2173 912 2220 Episcopi,
945 2178 1125 2220 petentes
1156 2174 1263 2210 illum
1294 2175 1384 2211 inde
1402 2187 1481 2212 non
1498 2169 1710 2220 removeat,
1731 2179 1870 2214 saltem
1887 2177 1937 2213 ad

301 2237 456 2279 tempus
474 2232 674 2279 aliquod...
694 2237 736 2268 ut
753 2232 1045 2269 consolidentur
1058 2234 1215 2281 pietatis
1233 2248 1420 2283 opera...»
1435 2238 1557 2282 IDEM,
1576 2238 1671 2274 ibid.
1689 2239 1937 2275 Gubernato-

302 2291 356 2326 ris
387 2291 565 2338 epistola,
597 2303 643 2328 ea
672 2297 733 2328 est
756 2303 871 2339 quam
901 2305 1003 2328 nunc
1034 2294 1458 2332 edimus.—Caeterum
1488 2296 1591 2332 illius
1621 2309 1840 2343 cognomen
1857 2309 1936 2334 non

302 2352 417 2396 plane
434 2352 567 2397 legere
590 2351 800 2398 potuimus:
828 2352 972 2387 desinit
996 2353 1100 2388 enim
1120 2354 1159 2390 in
1177 2355 1333 2401 signum
1357 2355 1512 2403 aliquod
1529 2356 1642 2392 nobis
1660 2358 1862 2405 hucusque
1879 2358 1936 2395 in-

305 2409 520 2455 cognitum,
538 2410 641 2458 quod
657 2410 706 2446 ad
723 2402 1010 2458 illud-spectare
1029 2419 1069 2449 et
1086 2414 1197 2460 quasi
1214 2417 1410 2462 complere
1429 2415 1596 2451 videtur.
