2196 3548
375 294 423 340 48
979 301 1214 335 EPISTOLAE
1241 299 1409 334 MixrAE

464 398 507 441 A
530 399 660 442 todos
680 399 747 443 los
767 400 824 443 de
846 414 949 444 casa
971 415 1055 444 con
1079 402 1184 443 toda
1206 399 1389 443 caridad
1409 401 1626 445 humillde
1647 402 1753 458 pido
1781 417 1863 459 por
1884 417 2013 448 amor

373 475 431 518 de
451 489 549 518 nro.
580 475 725 520 Sefior
751 490 808 519 en
835 491 913 520 sus
940 477 1212 520 deuociones
1238 492 1268 532 y
1295 476 1538 521 sacrificios
1565 493 1682 534 ayan
1708 479 1924 523 memoria
1949 482 2011 525 de
2071 512 2074 519 ‚

371 554 448 595 mi.
483 553 681 596 Nuestro
713 553 986 609 Redemptor
1016 555 1072 597 de
1104 557 1131 597 a
1163 555 1219 597 V.
1246 568 1305 596 m.
1341 567 1395 596 su
1417 554 1572 610 gracia
1602 569 1711 611 para
1731 554 1918 612 ampliat
1945 562 2006 602 ‘su

370 628 601 672 santisimo
622 629 809 682 nonbre,
834 644 863 685 y
880 636 1148 686 augmentat
1169 644 1222 673 su
1247 630 1305 683 fe,
1326 634 1455 674 como
1477 631 1519 674 le
1540 632 1689 687 pueda
1704 631 1847 676 servir
1861 648 1893 690 y
1908 633 2007 678 ala.-

369 705 466 759 bar',
491 718 517 748 e
536 719 595 762 yo
616 705 779 761 ymitar
798 720 881 763 por
902 706 1094 762 siempre
1110 707 1271 762 jamas.
1299 708 1465 750 Amen.

458 783 528 825 De
549 783 754 839 Vergara
773 786 800 826 a
821 790 981 838 quatro
1002 784 1059 827 de
1074 783 1212 841 Julio,
1238 790 1325 826 afio
1349 793 1475 838 1540,
1501 784 1560 827 do
1582 785 1747 840 quedo,

668 859 725 902 V.
762 860 816 902 R.

961 936 1141 980 humilis
1163 937 1209 979 in
1231 938 1349 993 Xpo.
1376 936 1511 990 filius,

1317 1015 1544 1058 ANTONIO
1577 1015 1785 1061 ARAoz.‘

457 1089 809 1146 Superscriptio:
838 1091 968 1146 Jhus.
1005 1090 1097 1133 Alli
1133 1089 1274 1133 nostri
1311 1090 1560 1134 charissimi
1596 1091 1642 1134 in
1679 1093 1798 1148 Xpo.
1841 1091 2008 1138 fratelli

371 1170 504 1212 Mtro.
530 1164 712 1223 Ignacio
734 1167 759 1208 e
782 1167 916 1211 Mtro.
943 1167 1096 1211 Pietro
1119 1166 1332 1220 Codacio,
1357 1167 1403 1210 in
1425 1169 1584 1211 Roma.

1154 1367 1213 1406 ΙΙ

879 1473 1126 1511 ANGELUS
1152 1475 1223 1509 DE
1248 1473 1500 1510 PARADISI

696 1576 907 1620 PATRI
938 1575 1234 1619 IGNATIO
1267 1576 1355 1618 DE
1387 1576 1676 1620 LOYOLA

842 1695 986 1722 PARMA
1016 1685 1058 1721 13
1083 1694 1340 1722 SEPTEMBRIS
1370 1695 1461 1732 1540
1487 1686 1513 1722 ¹.

443 1790 503 1825 De
521 1789 697 1836 proxima
714 1788 837 1835 ipsius
855 1787 1097 1835 profectione
1111 1787 1152 1823 in
1169 1788 1444 1824 Urbem.—De
1457 1788 1713 1825 concionibus
1732 1789 1922 1827 Estradae

997 1846 1207 1882 earumque
1225 1834 1368 1871 fructu.

455 1938 520 1981 La
541 1936 687 1994 gratia
708 1943 755 1980 et
774 1950 885 1993 pace
906 1935 952 1978 di
973 1937 1091 1992 Xpo.
1117 1942 1273 1978 nostro
1295 1935 1462 1992 Signor
1482 1936 1548 1980 sia
1569 1950 1746 1993 sempre
1767 1952 1854 1981 con
1874 1938 2000 1984 tutti.

366 2014 458 2059 Alli
479 2013 627 2071 giomi
648 2013 816 2070 passati
837 2012 1000 2056 scrisse
1025 2027 1113 2056 una
1133 2027 1159 2055 a
1181 2014 1238 2056 V.
1264 2014 1338 2065 R„
1364 2014 1471 2068 qual
1492 2003 1685 2057 credeva
1706 2028 1831 2058 esser
1856 2015 1900 2058 la
1928 2016 1998 2059 111--

365 2091 473 2135 tima
493 2090 539 2134 di
562 2093 740 2134 Parma.
773 2092 883 2142 Pur,
916 2089 1122 2133 uedendo
1150 2091 1292 2132 hauer
1319 2096 1486 2146 tempo,
1518 2092 1577 2133 ho
1608 2090 1856 2134 deliberato
1886 2091 2004 2135 scri-

364 2167 512 2225 uergli
539 2168 708 2210 anchor
735 2173 910 2222 questa,
942 2180 1022 2222 per
1048 2166 1092 2209 la
1113 2166 1261 2221 qualle
1282 2165 1328 2208 ui
1351 2166 1465 2209 facio
1487 2181 1618 2223 saper
1639 2181 1782 2220 come,
1807 2169 2006 2212 essendo

363 2251 551 2288 astretto
572 2257 652 2300 per
672 2244 714 2286 le
736 2245 908 2300 preghe
935 2243 992 2286 de
1020 2249 1174 2285 nostra
1195 2249 1337 2286 matre
1353 2257 1379 2286 0
1396 2242 1511 2295 altri,
1532 2243 1936 2287 condescendendo
1952 2244 2001 2289 in

363 2328 524 2377 questa
544 2327 671 2377 parte
692 2334 778 2363 con
804 2321 900 2363 loro
927 2319 959 2363 11
986 2318 1095 2363 R.d0
1125 2320 1258 2363 Mtro.
1289 2321 1393 2362 Don
1422 2319 1574 2362 Pietro
1601 2319 1632 2372 ²,
1667 2319 1778 2362 furni
1805 2319 1999 2377 bisogno

363 2397 503 2440 andar
524 2412 550 2440 a
571 2411 661 2440 uno
683 2397 866 2440 castello
887 2396 1071 2439 lontano
1092 2394 1138 2438 di
1161 2394 1344 2439 Brescia
1362 2395 1478 2439 dieci
1500 2395 1621 2439 milia
1640 2396 1669 2448 ⁸,
1694 2410 1720 2439 e
1743 2403 1862 2440 tutto
1884 2411 2003 2453 que-

363 2481 434 2517 sto
470 2488 546 2517 era
582 2487 662 2529 per
698 2472 854 2516 uisitar
879 2472 911 2514 li
942 2471 1083 2515 nostri
1111 2471 1301 2528 parenti,
1332 2471 1433 2515 anci
1460 2471 1491 2514 il
1512 2471 1651 2528 partir
1671 2471 1760 2516 mio
1788 2476 1814 2514 e
1834 2472 2003 2530 pigliar

361 2550 543 2594 licentia
558 2549 604 2592 di
619 2550 715 2592 loro
732 2538 819 2592 con
834 2548 866 2591 il
883 2547 1047 2592 uiatico
1068 2547 1338 2601 necessario,
1365 2549 1431 2591 fra
1452 2547 1590 2604 qualli
1610 2555 1727 2592 stete
1748 2562 1828 2605 per
1849 2548 1997 2606 giomi

433 2749 444 2769 ¹
494 2747 554 2781 Ex
571 2746 812 2792 autographo
830 2745 870 2780 in
889 2746 965 2781 vol.
988 2745 1036 2787 A,
1058 2745 1172 2780 unico
1190 2745 1296 2787 folio,
1316 2757 1355 2780 n.
1380 2754 1459 2791 140,
1480 2745 1587 2792 prius
1606 2754 1665 2791 25.

429 2808 444 2829 2
495 2807 539 2841 P.
570 2806 709 2841 Petrus
738 2804 1031 2841 Faber.—Vide
1065 2804 1210 2840 cartas
1235 2817 1260 2851 y
1289 2808 1395 2840 οἰνος
1424 2806 1584 2841 escritos
1613 2805 1678 2841 del
1704 2806 1754 2841 B.
1778 2805 1830 2840 P.
1862 2806 2001 2842 Pedro

362 2865 504 2909 Fabro,
527 2870 555 2900 t.
574 2874 601 2906 1,
621 2876 710 2912 pag.
733 2864 789 2900 16.

431 2925 446 2946 ³
496 2925 625 2960 «Inter
646 2924 799 2960 additos
823 2923 872 2960 ad
895 2923 1135 2959 Societatem
1158 2923 1305 2959 tirones
1329 2929 1412 2959 erat
1437 2924 1614 2970 Angelus
1639 2923 1881 2966 Paradisius‚
1905 2935 1997 2962 cum

358 2995 449 3031 quo,
469 2983 648 3019 ultimum
672 2985 886 3019 salutaturo
908 2982 1163 3030 propinquos,
1188 2983 1228 3018 in
1252 2983 1437 3030 oppidum
1455 2983 1640 3025 Gadium,
1659 2983 1797 3019 decem
1814 2994 1837 3018 a
1860 2983 1994 3020 Brixia

359 3039 544 3090 passuum
567 3043 754 3086 millibus,
778 3055 801 3079 a
826 3044 952 3079 Fabro
975 3042 1188 3078 etiamnum
1213 3043 1374 3078 Parmae
1392 3047 1549 3088 agente,
1569 3042 1711 3079 missus
1730 3047 1791 3078 est
1813 3042 1994 3079 Strada.»

359 3102 612 3145 ORLAND1N1‚
631 3103 739 3139 Hist.
761 3103 846 3139 Soc.
858 3102 957 3149 ses„
979 3102 1047 3138 lib.
1067 3103 1108 3145 11‚'
1128 3114 1166 3138 n.
1186 3110 1246 3147 95.
