2190 3510
401 231 471 266 608
1138 233 1308 268 INmOEs

448 333 532 381 213,
557 343 641 380 214,
665 333 749 380 228,
774 343 857 379 229,
882 342 965 379 274,
990 341 1073 379 275,
1093 332 1176 376 2823

443 394 695 430 concionatur
726 393 867 438 Araoz,
898 392 986 438 2893
1017 391 1178 427 aestivis

441 453 638 490 caloribus
656 453 848 488 sociorum
873 451 1055 487 valetudo
1079 450 1177 498 peri-

442 513 613 558 clitatur,
638 521 720 557 2903
753 511 1061 548 Guadalaxaram
1085 511 1175 557 itur,

443 581 528 618 297,
553 571 637 617 333,
661 570 744 617 338,
774 570 857 616 341;
884 572 1175 618 complutenses

441 631 490 666 ad
530 630 768 666 Societatem
808 630 1047 675 afficiuntur,
1084 628 1173 675 345,

441 688 527 735 346,
551 688 634 733 3583
659 687 743 733 360,
768 687 852 734 371,
873 687 955 734 389,
981 687 1064 734 398,
1091 695 1174 737 507,

444 748 527 794 546,
547 756 628 793 570-

393 808 639 852 Alencastre,
656 807 840 851 Joannes,
856 807 947 842 Dux
960 806 995 841 d'
1012 806 1171 852 Aveiro,

439 864 628 900 Societati
645 864 766 909 favet,
785 863 845 908 76,
874 863 953 908 108;
983 864 1063 910 165,
1092 873 1171 910 199,

442 925 524 969 561.

390 984 635 1028 Alencastre,
655 983 841 1028 JoanneS,
860 982 981 1017 Ducis
999 982 1037 1016 d'
1054 983 1171 1018 Avei—

437 1054 480 1078 ro
505 1042 623 1087 filius,
648 1041 885 1077 Societatem
915 1041 1065 1087 ingredi
1095 1047 1171 1079 sta-

437 1101 526 1147 tuit,
542 1101 624 1146 406.

389 1159 572 1204 Alfonso,
605 1159 792 1204 Alvarus,
824 1159 1041 1194 sacellanus
1074 1159 1168 1195 filia-

435 1232 521 1254 rum
539 1219 668 1254 Caroli
686 1219 736 1264 V,
754 1219 922 1253 Fabrum
940 1219 1115 1266 sequitur
1128 1220 1167 1255 in

434 1278 698 1324 Germaniam,
720 1287 800 1323 122,
819 1276 898 1322 1363
914 1284 1052 1324 sponte
1066 1279 1167 1315 redit

433 1338 474 1373 in
496 1338 738 1384 Hispaniam,
763 1345 845 1382 2753
872 1337 902 1373 it
926 1338 1167 1374 Guadalaxa-

434 1408 530 1443 ram,
550 1405 633 1442 297.

385 1455 589 1491 Almeirim
624 1456 938 1501 (Almeirinum)
980 1456 1164 1493 hibernus

429 1515 582 1560 Regum
596 1514 856 1560 Portugalliae
871 1526 1064 1560 secessus,
1083 1524 1163 1563 124,

431 1573 512 1619 1613
532 1586 580 1609 eo
598 1574 707 1609 venit
722 1574 862 1620 Araoz,
881 1573 960 1618 1633
977 1575 1162 1622 Joannes,

428 1633 629 1680 Princeps,
652 1633 762 1678 regni
791 1645 993 1668 successor
1022 1635 1162 1670 saluta-

428 1696 506 1735 tus,
534 1692 613 1737 1643
640 1692 767 1726 Araoz
790 1691 1056 1738 concionatur,
1079 1693 1158 1738 167;

430 1758 511 1797 172,
529 1751 614 1797 461,
631 1751 715 1796 465;
735 1751 930 1796 Georgius
949 1751 1099 1788 Morera
1113 1764 1160 1789 eo

426 1810 660 1856 destinatus,
682 1810 763 1855 560.

379 1870 577 1915 Almunia,
595 1869 776 1915 Michafil,
795 1879 855 1914 91.

378 1929 562 1975 Alvarez,
582 1929 791 1975 Antonius,
814 1929 894 1975 188,
917 1938 996 1977 190.

376 1989 546 2028 Alvarez
564 1988 759 2023 Antonius
782 1989 909 2033 (alius
933 2001 958 2024 a
979 1991 1156 2036 superio-

423 2046 501 2097 re),
522 2046 604 2092 528,
624 2046 707 2092 531,
727 2055 808 2091 552·

376 2106 559 2152 Alvarez,
578 2106 732 2151 Petrus,
752 2104 833 2140 268.

374 2165 557 2210 Alvarez,
577 2164 846 2209 Sebastianus,
865 2162 947 2209 535,
967 2163 1049 2210 543,
1070 2173 1151 2210 551.

374 2223 543 2259 Alvarez
560 2223 609 2259 de
626 2223 794 2268 Tavora,
813 2222 1049 2269 Ludovicus,
1069 2232 1150 2270 544.

373 2282 542 2317 Alvarez
575 2283 624 2318 de
665 2281 834 2327 Toledo,
870 2281 1151 2330 Ferdinandus,

420 2343 510 2377 Dux
535 2342 584 2377 de
614 2342 730 2388 Alba,
754 2340 926 2376 Marchio
949 2341 997 2376 de
1022 2341 1150 2389 Coria,

417 2399 673 2449 Consiliarius
691 2411 713 2434 a
730 2399 871 2435 Carolo
888 2399 924 2434 V
941 2400 1150 2437 attributus

419 2456 597 2506 Philippo
613 2458 708 2504 filio,
726 2456 809 2492 203.

371 2518 539 2553 Alvarez
576 2518 625 2553 de
663 2516 832 2562 Toledo,
871 2516 915 2551 F.
958 2517 1148 2564 Joannes,

416 2577 467 2615 O.
486 2579 546 2620 P„
573 2576 805 2622 cardinalis,
820 2581 860 2611 et
879 2576 1149 2624 Archiepisco-

415 2648 487 2683 pus
505 2636 727 2682 burgensis,
746 2634 830 2680 336,
856 2633 938 2680 534.

367 2694 536 2729 Alvarez
553 2693 602 2728 de
619 2692 782 2738 Toledo,
800 2692 955 2738 Petrus,
980 2694 1148 2740 neapoli-

414 2758 528 2789 tanus
546 2753 707 2798 Prorex‘,
726 2750 809 2786 310.

365 2811 572 2846 Amberes.
593 2810 693 2845 Vide
712 2809 879 2844 Anvers.

365 2869 529 2906 Amiens
547 2866 847 2915 fflmbicmum),
871 2866 949 2902 103.

363 2928 533 2972 Andres,
553 2928 697 2963 Mestre
716 2927 777 2962 vel
797 2927 980 2970 Maestre,
999 2925 1081 2972 535.

363 2976 524 3023 Andreu
542 3014 550 3031 ,
583 2978 753 3033 Joannes
771 2984 912 3030 ,··176;·
930 2984 1082 3032 excipit*
1103 2986 1143 3022 in

1299 333 1511 370 conductas
1524 336 1641 372 aedes
1656 317 1876 374 valentinos
1891 339 2034 386 socios,

1298 392 1394 428 ibid.

1252 449 1419 494 Angela,
1439 451 1534 495 D-a,
1554 450 1637 487 231.

1250 507 1456 553 Angelico,
1476 510 1556 554 Fr.,
1576 510 1759 556 eremita,
1780 511 1862 557 573.

1249 567 1444 603 Anisorio.
1464 569 1565 605 Vide
1584 570 1780 607 Avisorio.

1249 626 1418 672 Anjuha,
1438 635 1520 673 245.

1248 684 1524 732 Anquetevilla
1532 687 1880 735 (Anquetierville,
1898 690 2031 728 Scine—

1292 745 1561 792 Inferieure),
1582 746 1708 793 patria
1731 749 1929 787 Francisci
1950 749 2030 789 On-

1293 803 1395 851 froy,
1413 803 1498 850 430.

1247 863 1458 910 Anriquez.
1478 863 1580 899 Vide
1597 865 1806 913 Euriquez.

1246 922 1456 966 Antonius,
1476 923 1539 957 Fr.
1561 931 1620 972 54.

1245 981 1432 1025 Antonio,
1451 982 1607 1027 Petrus,
1626 981 1685 1018 82.

1244 1041 1398 1076 Anvers
1417 1041 1635 1087 (Amberes‚
1656 1043 1920 1091 Antuerpia)‚
1942 1045 2024 1092 103,

1293 1099 1372 1145 137.

1241 1159 1673 1207 Arag0n‚A1phonsus
1698 1160 1766 1206 de,
1797 1163 1888 1199 Dux
1911 1163 1951 1200 11
1971 1163 2023 1201 de

1287 1219 1489 1264 Segorbe,
1526 1218 1747 1265 Aragoniae
1781 1220 2020 1294 Almirallus,

1287 1277 1370 1322 278.

1239 1337 1410 1382 Aragon,
1431 1336 1546 1373 Anna
1561 1337 1631 1383 de,
1650 1337 1818 1375 Ducissa
1833 1339 1884 1376 de
1900 1310 2021 1378 Medi-

1284 1407 1334 1431 na
1352 1395 1526 1440 Sidonia,
1544 1394 1629 1441 341,
1648 1395 1732 1443 390.

1239 1455 1411 1500 Aragon,
1430 1455 1698 1493 Ferdinandus
1720 1456 1792 1502 de,
1817 1436 2020 1508 Archiepi·

1284 1526 1424 1561 scopus
1441 1521 1832 1562 caesaraugustanus,
1846 1516 1930 1565 3393
1949 1519 2020 1556 So-

1282 1572 1416 1609 cietati
1434 1585 1512 1609 non
1529 1574 1651 1620 favet,
1671 1582 1754 1620 555.

1235 1632 1407 1681 Aragon,
1426 1631 1694 1669 Ferdinandus
1705 1660 1714 1678 ,
1733 1635 1824 1670 Dux
1840 1635 1891 1671 de
1907 1636 2018 1674 Cala-

1280 1691 1376 1733 bria,
1403 1692 1610 1728 valentiae
1639 1687 1800 1739 Prorex,
1829 1693 1910 1740 166,
1927 1695 2015 1755 246,

1278 1758 1362 1795 254·

1231 1809 1403 1855 Aragon,
1423 1800 1560 1845 Mosen
1577 1811 1750 1862 Joannes
1766 1811 1837 1857 de,
1854 1814 2015 1850 sacena-

1276 1880 1350 1904 nus
1363 1868 1510 1914 regius,
1525 1870 1718 1905 Fabi-um
1707 1882 1748 1906 m
1761 1870 2012 1909 Germaniam

1275 1929 1486 1963 abeuntem
1504 1928 1693 1975 sequitur,
1715 1937 1801 1974 1223
1823 1929 2014 1968 Societati

1275 1985 1474 2031 adhaeret,
1493 1987 1610 2031 ibid.,·
1626 1993 1818 2034 aegrotat,
1839 1997 1926 2036 1523
1944 2002 2012 2026 ve—

1274 2045 1334 2081 nit
1350 2045 1390 2081 in
1408 2046 1708 2094 Portugalliam,
1730 2047 1817 2093 163,
1837 2046 1926 2095 2003
1945 2061 2018 2086 ex*

1273 2104 1421 2151 petitur
1442 2106 1492 2140 ab
1516 2105 1663 2150 Araoz,
1683 2105 1772 2151 2963
1792 2106 2012 2145 sed-manet

1273 2163 1527 2211 Ulyssipone,
1547 2163 1630 2209 513,
1650 2173 1733 2210 520,
1753 2165 1836 2211 532,
1855 2164 1938 2213 559.

1227 2222 1385 2267 Aragon
1402 2235 1429 2269 y
1447 2223 1613 2270 Gurrea,
1631 2223 1822 2260 Martinus
1844 2224 1908 2270 de,
1934 2224 2010 2263 co-

1272 2293 1355 2316 mes
1373 2281 1422 2316 de
1439 2281 1674 2328 Ribagorza,
1694 2291 1777 2328 555.
1992 2283 1999 2291 “

1225 2340 1421 2386 Aragona,
1442 2339 1593 2387 Joanna
1610 2341 1674 2388 de,
1693 2342 1854 2378 Ascanii
1866 2342 2011 2383 Colon

1270 2412 1319 2435 na
1339 2412 1451 2446 uxor,
1475 2400 1530 2435 18.

1224 2458 1363 2504 Araoz,
1383 2459 1578 2495 Antonius
1595 2458 1656 2503 de,
1676 2458 1749 2496 Sti.
1765 2459 1908 2506 Ignatii
1919 2472 2006 2509 pro-

1269 2516 1450 2564 pinquus,
1475 2518 1510 2559 6,
1542 2527 1578 2563 73
1611 2518 1800 2556 Societati
1828 2519 2005 2567 adjungi-

1268 2581 1344 2620 tur,
1363 2575 1422 2621 313
1443 2588 1492 2612 ex
1508 2577 1646 2614 Urbe'
1636 2588 1676 2613 m
1692 2576 1922 2625 Hispaniam
1937 2589 2005 2615 ve-

1267 2634 1339 2679 nit,
1358 2635 1475 2678 ibid.,·
1491 2647 1610 2671 saeva
1627 2641 1864 2683 tempestate
1883 2636 2006 2684 jacta-

1269 2698 1344 2737 tur,
1375 2693 1432 2739 31,
1456 2693 1516 2739 323
1548 2694 1765 2730 Barcinone
1795 2694 2004 2743 excipitur,

1268 2750 1314 2786 33
1319 2751 1402 2797 ,343
1418 2751 1450 2788 it
1462 2752 1512 2787 ad
1526 2753 1700 2790 Montem
1713 2753 1928 2799 Serratum,
1940 2752 2002 2800 353

1268 2812 1538 2858 Almazanum,
1557 2811 1617 2857 363
1632 2811 2002 2859 Caesaraugustam,

1265 2869 1324 2914 383
1346 2866 1628 2927 Guipuzcoam‚
1647 2879 1711 2917 453
1732 2871 2005 2916 concionatur,

1264 2928 1333 2974 46,
1355 2936 1416 2974 47;
1447 2929 1644 2976 expetitur
1673 2941 1695 2967 a
1719 2929 1912 2975 lusitanis,
1937 2929 1998 2976 78,

1263 2995 1323 3033 79;
1343 2988 1600 3024 Barcinonem
1615 2989 1840 3034 revertitur,
1857 2999 1920 3036 94,
1933 2997 1996 3035 953
