2196 3548
943 239 1022 275 ΑΝ.
1056 247 1147 284 1547
1456 234 1468 248 “
1799 242 1870 289 365

305 340 655 399 Superscriptio:
670 341 771 399 Jhs.
799 340 859 384 Al
881 354 990 396 muy
1013 338 1124 384 R.d0
1146 356 1204 385 en
1226 342 1306 384 X.⁰
1328 348 1519 386 nuestro
1547 343 1694 387 Sefior
1725 346 1871 388 Padre

147 421 149 423 ·
216 425 406 464 nuestro
426 418 470 464 el
492 419 546 462 P.
571 419 710 462 Mtro.
737 416 917 474 Ignatio
938 417 996 461 de
1020 418 1211 474 L0y01a‚
1245 418 1485 474 Prepesito
1513 419 1571 463 de
1598 420 1642 462 la
1669 420 1871 476 Compa-

217 498 296 542 πίει
329 495 404 541 del
427 495 620 540 nombre
645 495 704 539 de
731 495 831 538 Ihu.
861 497 899 538 a·
917 494 1012 539 8.ῒὸ
1051 497 1195 539 Maria
1222 496 1280 539 de
1309 496 1494 549 Strada,
1520 496 1657 552 junto
1696 500 1722 540 a
1759 498 1873 542 Sant

220 574 382 620 Marco
394 586 454 618 en
475 573 639 616 Roma.

992 796 1083 837 ΙΙΙ

462 904 784 943 FRIDERICUS
824 904 1058 950 NAUSEA,
1096 903 1262 941 EPISC.
1307 904 1629 941 VIENNENSIS

576 1014 765 1058 PATRI
795 994 1083 1058 N1co'LA0
1117 1012 1525 1057 BOBADILLAE

529 1141 587 1169 Ex
618 1141 805 1170 COENOB.
837 1139 1123 1169 BOTTUICENSI
1151 1139 1198 1178 25
1216 1139 1381 1168 APRILIS
1414 1139 1506 1177 1547
1535 1134 1562 1167 ¹.

213 1241 281 1288 De
297 1239 623 1290 occupationibus
641 1239 724 1276 suis
741 1251 788 1276 ac
801 1239 988 1287 negotiis,
1003 1239 1147 1287 quibus
1160 1238 1373 1284 distentus,
1388 1238 1470 1275 otio
1482 1239 1727 1276 rescribendi
1744 1241 1875 1277 haete-

288 1298 363 1326 nus
379 1288 634 1325 caruit-De
650 1289 771 1325 rebus
788 1287 1030 1324 Viennensis
1046 1287 1323 1336 Episcopatus,
1353 1299 1454 1335 quae
1471 1287 1570 1323 adeo
1588 1293 1681 1325 sunt
1694 1288 1875 1334 miserae,

238 1335 241 1338 ’
285 1341 331 1375 ut
346 1335 416 1374 illo
430 1348 476 1374 se
493 1335 678 1373 abdicare
698 1334 1076 1374 meditetur.—Orat
1093 1341 1137 1373 ut
1154 1332 1345 1384 suscipi'at
1361 1347 1521 1372 causam
1545 1347 1656 1372 suam
1681 1337 1785 1384 apud
1800 1337 1877 1373 Re-

288 1394 383 1433 gem
398 1385 678 1422 Romanorum.

303 1510 511 1558 Salutem
533 1525 562 1557 a
580 1512 684 1556 Deo
701 1511 813 1568 Opt.
835 1513 958 1557 Max.
978 1524 1084 1555 cum
1101 1509 1451 1567 diligentissima
1471 1510 1560 1555 mei
1582 1512 1878 1556 commenda—

131 1598 138 1615 *
216 1586 363 1634 tione.

213 1672 216 1676 “
304 1651 576 1712 Reuerende
600 1665 818 1719 Domine,
848 1667 1029 1710 Doctor
1054 1664 1242 1723 inclyte,
1273 1664 1434 1718 amice,
1467 1671 1684 1722 tanquam
1719 1667 1874 1720 frater,

213 1742 366 1789 modis
386 1743 601 1788 omnibus
620 1742 946 1789 amantissime.
971 1744 1248 1800 Quanquam
1271 1742 1382 1787 R.da
1402 1745 1461 1788 D.
1489 1745 1546 1788 V.
1573 1743 1705 1789 binas
1725 1745 1783 1789 ad
1804 1759 1878 1789 me

65 1797 99 1834 ³7
155 1849 158 1852 ⁴
213 1818 370 1883 literas
389 1820 531 1877 dedit,
554 1828 603 1866 et
622 1820 898 1866 succidaneo
925 1820 1110 1883 quidem
1139 1827 1360 1878 tempore,
1390 1835 1510 1878 quae
1536 1836 1661 1866 nunc
1688 1821 1799 1866 mihi
1820 1823 1879 1867 ad

212 1912 381 1945 manus
404 1913 503 1944 non
528 1906 658 1952 sunt,
682 1901 907 1944 haetenus
929 1905 1082 1943 tamen
1108 1898 1352 1943 scribendo
1379 1898 1494 1943 nihil
1525 1899 1757 1957 respondi,
1782 1915 1877 1944 non

214 1975 327 2034 φῶ.
342 1975 489 2035 ipsius
506 1991 587 2022 me
601 1976 805 2034 coeperit
827 1975 1021 2030 obliuio,
1044 1976 1178 2033 cujus
1198 1977 1320 2034 apud
1341 1991 1415 2020 me
1436 1984 1657 2034 perpetua
1682 1984 1753 2022 est
1776 1993 1878 2023 me-

215 2052 378 2109 moria,
414 2068 577 2100 verum
603 2053 712 2111 quia
739 2053 1064 2111 aliquantisper
1090 2054 1215 2098 haud
1249 2053 1472 2108 Viennae,
1503 2055 1584 2099 sed
1610 2053 1658 2098 in
1685 2055 1878 2113 negotio

213 2137 401 2179 sanctae
418 2139 607 2177 nostrae
627 2131 867 2189 religionis
887 2137 935 2175 et
955 2130 1078 2186 fidei,
1112 2130 1417 2176 Vratislauiae
1438 2131 1486 2176 in
1507 2131 1669 2178 Silesia
1689 2139 1737 2177 et
1759 2133 1877 2178 Olo-

212 2208 424 2255 mucii‘in
443 2209 656 2256 Morauia
676 2209 757 2256 sui.
785 2209 912 2275 Quid
931 2215 980 2254 et
1000 2215 1223 2265 quantum
1253 2208 1344 2253 illic
1367 2209 1568 2264 fecerim,
1603 2217 1649 2255 et
1669 2210 1717 2254 in
1743 2210 1878 2255 vinea

68 2296 79 2314 ⁹
145 2311 149 2318 ,
213 2285 405 2334 Domini
424 2286 714 2345 profecerim,
738 2286 908 2344 poterit
927 2288 987 2331 D.
1014 2287 1072 2331 V.
1098 2286 1354 2344 intelligere
1370 2303 1428 2332 ex
1443 2287 1577 2345 eopia
1592 2289 1876 2344 quarundam

93 2411 98 2421 2
211 2362 465 2420 literarum,
504 2379 643 2422 quam
678 2365 755 2410 hic
775 2365 824 2410 in
860 2364 1174 2409 testimonium
1210 2366 1449 2411 dumtaxat
1483 2381 1611 2410 meae
1645 2366 1878 2411 absentiae

61 2478 73 2488 .
94 2442 99 2450 ’
156 2456 161 2458 ’
211 2436 610 2484 trmxsmittendam
631 2437 806 2491 censui,
832 2452 947 2494 quas
967 2436 1037 2480 vir
1058 2436 1242 2493 quidam
1263 2452 1434 2495 genere
1455 2437 1638 2491 nobilis,
1669 2437 1878 2482 doctrina

211 2521 264 2561 'et
288 2514 548 2561 eruditione
573 2514 789 2568 nobilior,
821 2515 902 2559 sed
937 2513 1108 2559 virtute
1143 2513 1357 2571 vitaeque
1394 2514 1695 2560 sanctimonia
1735 2514 1879 2572 longe

211 2591 544 2648 nobilissimus,
569 2607 706 2650 quem
728 2593 940 2649 equidem
962 2607 989 2637 a
1017 2591 1133 2637 facie
1159 2591 1248 2637 nisi
1273 2591 1321 2637 in
1348 2595 1435 2637 hac
1462 2608 1565 2637 mea
1591 2593 1879 2650 profectione

213 2684 450 2728 nunquam
497 2670 614 2724 vidi,
668 2671 727 2716 ad
768 2670 1081 2715 venerandum
1129 2684 1330 2727 uereque
1377 2670 1678 2715 clarissimum
1727 2670 1876 2714 virum

289 2833 305 2862 ss
350 2832 412 2869 Ex
424 2833 670 2880 autographo
683 2833 747 2869 vel
764 2837 1010 2879 transumpto
1023 2842 1172 2867 coaevo
1186 2830 1227 2868 in
1241 2833 1320 2868 vol.
1340 2832 1472 2880 Epist.
1485 2833 1797 2880 Episcoporum,
1814 2833 1879 2869 tri-

156 2922 158 2925 ,
216 2889 311 2940 plici
326 2889 437 2938 folio,
466 2905 507 2929 n.
542 2892 714 2938 166-168,
745 2892 853 2941 prius
883 2891 969 2938 340,
999 2890 1198 2937 341.—De
1227 2893 1429 2939 praeclaro
1459 2893 1534 2928 hoc
1563 2891 1649 2928 viro
1679 2891 1880 2928 Friderico

215 2949 378 2989 Nausea
406 2963 487 2989 von
515 2952 814 2990 Weinssenfeld
843 2951 927 2999 agit
956 2951 1166 2996 Polancus,
1196 2963 1315 2999 quem
1342 2952 1450 2998 vide,
1482 2951 1727 2998 Chronicon,
1760 2957 1788 2988 t.
1820 2961 1877 2996 111,

214 3014 308 3060 pag.
329 3012 388 3059 18,
406 3025 446 3050 n.
466 3021 527 3059 24,
544 3018 667 3050 annot
699 3021 732 3056 1,
752 3018 793 3049 et
822 3013 1184 3056 BRAUNSBERGER,
1202 3011 1288 3048 Bti.
1311 3011 1474 3049 canisii
1498 3012 1694 3061 epistulae
1708 3014 1745 3048 et
1771 3015 1877 3056 acta,

36 3075 94 3105 Γ’
200 3079 251 3127 j.
268 3083 298 3121 1,
315 3073 478 3123 passim.
