2196 3548
355 263 420 300 192
948 256 1186 290 EPISTOLAE
1214 254 1381 289 MixrAE

350 353 494 397 obtuli
515 353 578 396 illi
599 360 645 397 et
666 354 832 410 protuli
860 342 1081 411 quaedam
1102 354 1258 407 verba,
1284 367 1400 408 quae
1421 353 1511 397 dici
1538 355 1686 398 solent
1707 354 1754 397 in
1786 354 1991 412 appella-

351 430 472 474 tione
492 447 501 474 :
528 432 627 488 Ego
649 431 830 487 appello
851 438 939 475 etc.
965 438 1070 474 ante
1088 431 1324 475 Summum
1343 430 1629 475 Pontificem.

442 507 588 551 Etiam
610 507 702 550 vidi
724 515 769 551 et
796 507 887 565 legi
914 507 1233 559 inhibitoriam,
1265 506 1371 561 quia
1396 514 1492 550 erat
1519 507 1753 560 inhibitus,
1785 522 1844 552 ne
1871 508 1995 565 ultro

351 585 399 628 in
419 586 506 628 hoc
527 585 713 641 negotio
736 585 1001 641 procederet
1017 584 1102 627 sub
1120 598 1266 639 poena
1281 584 1773 639 excommunicationis3
1797 592 1844 629 et
1864 599 1994 629 ema-

354 669 483 704 narat
503 661 579 704 illa
599 660 807 704 inhibitio
829 677 856 704 a
877 663 1008 712 Rota,
1034 660 1152 703 sicut
1173 661 1311 703 refert
1332 662 1504 703 Doctor
1519 661 1817 705 Navarrensis
1837 661 1885 704 in
1905 675 1991 705 suo

354 737 503 794 signo,
529 738 651 793 quod
673 745 888 781 executor
909 744 1005 780 erat
1026 736 1261 779 inhibitus.
1288 738 1476 792 Insuper
1496 744 1686 780 vocatur
1711 752 1863 781 merus
1883 751 1999 782 exe*

354 807 488 857 cutor
508 820 554 857 et
575 828 707 857 casus
729 822 798 857 est
814 812 1068 857 executoris
1084 805 1209 856 missi
1225 819 1271 856 et
1288 828 1379 856 non
1400 814 1538 856 habet
1558 813 1761 857 calitates
1777 814 1998 858 executo-

356 890 417 934 ris
447 890 587 943 missi,
622 889 787 945 quibus
814 889 956 946 possit
984 889 1169 944 exsequi
1196 889 1394 932 officium
1426 890 1681 933 executoris
1714 889 1854 942 missi,
1887 904 1996 933 nam

356 972 533 1023 oportet
554 966 679 1010 illum
701 967 870 1010 habere
897 965 1166 1023 dignitatem
1195 966 1242 1008 in
1269 966 1460 1010 ecclesia
1482 967 1727 1010 cathedrali
1754 973 1999 1023 antequam

357 1042 555 1087 officium
577 1043 831 1087 executoris
852 1043 977 1087 missi
1000 1043 1142 1099 possit
1163 1043 1349 1098 exsequi
1371 1059 1379 1086 :
1405 1043 1501 1100 ipse
1519 1050 1693 1087 tantum
1715 1050 1785 1087 est
1805 1043 1998 1100 simplex

358 1121 569 1163 sacerdos
590 1127 775 1164 curatus
797 1120 893 1163 sive
915 1122 1140 1176 parochus
1161 1109 1398 1176 cujusdam
1424 1120 1642 1164 ecclesiae
1666 1119 1998 1172 colimbrensis,

359 1211 476 1252 quae
502 1203 691 1240 vocatur
719 1192 909 1240 ecclesia
946 1197 1101 1242 Sancti
1135 1196 1260 1240 Petri
1288 1196 1334 1239 in
1363 1196 1599 1254 parrochia
1633 1197 1779 1255 [quae]
1807 1211 1900 1240 non
1926 1201 2002 1240 est

359 1288 458 1327 sua,
488 1287 573 1317 nec
600 1273 870 1321 beneficium
897 1273 1129 1326 ecclesiae,
1160 1275 1240 1318 sed
1272 1282 1342 1318 est
1377 1281 1552 1317 tantum
1580 1273 1788 1318 mercede
1820 1273 1994 1317 condu-

359 1357 476 1414 ctus.
503 1350 718 1395 Similiter
738 1350 848 1393 mihi
869 1350 1048 1394 videtur
1070 1350 1217 1406 ipsum
1240 1351 1473 1394 excedisse
1489 1351 1689 1403 modum,
1709 1357 1755 1394 et
1775 1349 1823 1394 in
1843 1348 2003 1407 primis

351 1442 454 1470 non
469 1441 676 1471 servasse
697 1427 828 1483 parti,
855 1428 976 1483 quod
998 1428 1193 1471 debebat
1214 1442 1395 1471 servare
1416 1443 1425 1471 z
1446 1427 1611 1484 quibus
1633 1427 1882 1471 rationibus
1902 1425 2000 1470 sin-

359 1504 496 1560 gulae
517 1511 562 1547 et
580 1518 879 1559 unaquaeque
895 1504 1061 1547 sufficit
1079 1505 1136 1547 ad
1159 1505 1463 1548 annulandam
1485 1504 2002 1548 excommunicationem

361 1578 438 1640 [et]
459 1580 516 1623 ad
538 1580 819 1623 annulandas
842 1595 1060 1624 censuras
1082 1581 1196 1624 illas.

452 1658 551 1714 Ego
578 1671 670 1700 non
700 1657 876 1700 servavi
904 1657 1429 1710 excommunicationem,
1455 1658 1536 1701 sed
1570 1672 1748 1714 semper
1774 1656 2003 1700 celebravi

361 1741 408 1778 et
433 1733 520 1777 alia
544 1741 829 1789 sacramenta
858 1733 1163 1778 ecclesiastica
1189 1733 1366 1788 tradidi,
1397 1740 1444 1778 et
1477 1732 1786 1777 administravi
1813 1732 2007 1777 consilio-

362 1817 408 1854 et
442 1810 653 1854 suasione
693 1812 964 1863 Doctorum,
1005 1810 1177 1855 scilicet
1217 1811 1515 1855 Navarrensis
1557 1818 1604 1854 et
1645 1811 1918 1857 Marcovello
1955 1812 2005 1854 et

362 1886 573 1930 Doctoris
601 1889 738 1930 Prato
773 1894 819 1930 et
849 1887 1038 1931 aliorum
1070 1889 1321 1931 Doctorum
1350 1886 1683 1932 Universitatis.
1721 1889 1778 1930 Et
1813 1886 1894 1940 illi,
1924 1886 2004 1943 qui

362 1963 648 2007 sustinebant
689 1970 839 2019 partes
875 1963 1005 2007 istius
1042 1963 1265 2017 mulieris,
1306 1978 1423 2020 quae
1459 1979 1532 2007 me
1573 1963 1999 2016 excommunicavit,
2067 1993 2072 1998 -

364 2040 575 2083 dicebant
598 2054 670 2083 me
691 2054 784 2083 non
800 2055 900 2083 esse
915 2040 1371 2093 excommunicatum,
1392 2048 1438 2084 et
1454 2040 1576 2096 quod
1591 2041 1805 2084 volebant
1825 2042 2008 2084 mecum'

365 2117 505 2173 loqui,
545 2123 590 2160 et
617 2116 739 2172 quod
766 2124 949 2173 propter
976 2119 1062 2160 hoc
1090 2132 1184 2162 non
1209 2118 1430 2161 debebam
1458 2131 1546 2174 ego
1574 2117 1732 2160 timere
1757 2116 1924 2172 alloqui
1959 2123 2012 2160 et

367 2193 626 2237 conversari
648 2207 752 2236 cum
774 2193 877 2236 illis.

456 2269 627 2314 Audivi
653 2269 913 2313 innumeras
940 2270 1248 2314 confessiones
1281 2278 1383 2327 post
1419 2269 1929 2314 excommunicationem
1959 2269 2011 2313 in·

368 2346 652 2391 monasteriis
678 2345 725 2388 in
758 2345 940 2390 civitate
967 2354 1014 2391 et
1040 2347 1088 2390 in
1116 2347 1255 2392 Curia
1287 2347 1443 2404 Regis3
1478 2347 1603 2390 adfui
1638 2362 1816 2403 semper
1849 2346 2013 2390 officiis

368 2423 547 2476 divinis,
578 2423 804 2467 celebravi
831 2423 999 2479 pluries
1033 2424 1081 2467 in
1114 2425 1310 2480 quodam
1343 2423 1631 2477 monasterio,
1661 2431 1708 2468 et
1733 2423 2010 2480 praedicavi,

370 2500 617 2544 Abbatissa
638 2499 758 2543 illius
779 2501 1037 2544 monasterii
1053 2501 1185 2557 jussu
1207 2501 1505 2546 Navarrensis
1520 2516 1592 2545 me
1613 2500 1793 2544 admisit
1812 2503 2011 2557 semper,

371 2584 418 2620 et
443 2576 645 2633 permisit
671 2577 899 2620 celebrare
926 2583 972 2621 et
1000 2578 1157 2622 audire
1183 2579 1444 2622 monialium
1471 2593 1656 2622 suarum
1682 2576 2012 2621 confessiones..

462 2653 511 2698 Si
531 2654 757 2708 absolvor,
782 2661 958 2710 oportet
980 2654 1131 2708 etiam,
1157 2656 1214 2698 ad
1230 2655 1469 2708 cautelam,
1490 2662 1542 2698 ut
1557 2654 1818 2710 dispensent
1832 2668 2014 2698 mecum

372 2730 431 2774 de
451 2730 802 2786 irregularitate,
828 2745 963 2786 quam
985 2731 1112 2788 potui
1139 2731 1370 2775 incurrere
1390 2731 1438 2774 in
1463 2731 1534 2774 his
1561 2730 1940 2774 celebrationibus
1967 2736 2014 2774 et

372 2806 835 2851 administrationibus
852 2815 1236 2852 sacramentorum
1249 2814 1295 2851 et
1311 2808 1368 2851 de
1381 2807 1538 2864 poenis
1552 2806 1882 2860 ecclesiasticis,
1899 2820 2019 2862 quas

373 2883 501 2941 potui
527 2883 760 2937 incurrere
786 2898 879 2926 non
907 2885 1260 2941 obtemperando
1287 2883 1490 2928 censuris
1522 2890 1569 2927 et
1600 2877 1836 2927 mandatis*
1854 2883 2013 2928 Eccle-

374 2959 483 3005 siae.
509 2959 740 3004 Curabitis
761 2960 1003 3017 diligenter
1023 2974 1182 3005 verum
1203 2961 1388 3014 sciatur,
1413 2959 1451 3003 si
1473 2974 1574 3003 sum
1596 2959 2020 3005 excommunicatus

375 3037 460 3082 rite
481 3043 528 3082 et
548 3037 799 3081 secundum
815 3037 893 3094 jus
915 3039 1205 3093 canonicum3
1230 3037 1268 3082 si
1283 3046 1375 3081 non·
1397 3051 1515 3091 sum,
1540 3036 1750 3094 exigatur
1770 3036 2018 3083 declaratio
