2196 3548
352 239 418 286 148
942 243 1178 276 EplsToLAE
1212 241 1378 275 ΜῙΧΤΑΕ

1115 446 1196 486 21⁴2

730 602 736 608 ,
875 552 1146 591 ANTONIUS
1172 552 1242 586 DE
1269 550 1448 588 ARAoz

597 657 806 700 PATRI
854 653 1274 697 HIERONYMO
1321 653 1712 696 DOMENECH

640 776 770 810 sams,
798 776 867 802 DlE
887 773 975 802 ΒΑΕ
1000 772 1131 801 ymas
1163 765 1220 811 [21
1250 772 1487 799 NOVEMBms
1516 763 1620 811 1543]
1648 764 1673 799 ¹.

954 866 1034 901 Iter
1052 865 1091 900 in
1110 864 1351 911 Hispaniam.

1142 965 1163 999 ,Γ

1102 1004 1201 1060 jhs.

430 1110 589 1155 Gratia
611 1118 656 1153 et
677 1124 801 1153 amor
822 1108 927 1164 Xpi.
954 1109 1051 1150 Ihu.
1078 1107 1136 1150 sit
1157 1121 1333 1163 semper
1354 1107 1606 1151 nobiscum.
1818 1160 1820 1162 .

431 1190 521 1231 Por
540 1188 584 1231 lo
607 1201 694 1242 que
716 1200 786 1228 me
808 1185 953 1228 siento
981 1186 1038 1228 de
1059 1199 1190 1227 veros
1218 1184 1348 1240 (vltra
1374 1185 1431 1227 de
1457 1191 1579 1228 otros
1606 1191 1842 1241 respettos‚
1866 1200 1975 1243 par-—

341 1265 652 1308 ticularmente
674 1277 731 1306 en
752 1277 851 1306 seer
873 1262 1112 1318 regulados
1140 1275 1221 1317 por
1246 1268 1428 1304 vuestra
1453 1260 1672 1305 industria
1698 1261 1761 1305 mi
1786 1276 1972 1320 compa-

341 1345 416 1384 fiia
435 1356 465 1397 y
487 1355 572 1384 avn
595 1341 667 1396 yo)
690 1353 761 1382 me
783 1354 809 1382 a
828 1338 1061 1395 paresoido
1077 1337 1260 1393 justicia
1281 1338 1412 1380 daros
1435 1337 1599 1393 notieia
1626 1337 1976 1383 sumariamente

341 1419 398 1461 de
419 1425 604 1461 nuestra
619 1417 824 1473 jornada.

382 1520 386 1523 «
431 1496 495 1541 La
516 1490 707 1550 primera
728 1494 804 1536 fue
825 1496 851 1535 a
874 1494 1028 1535 Monte
1050 1493 1193 1535 Rosso
1216 1490 1232 1509 ²
1252 1506 1282 1547 y
1309 1492 1374 1534 las
1396 1498 1516 1535 otras
1543 1498 1639 1534 asta
1666 1495 1786 1547 aqui:
1815 1491 1978 1548 podeis

342 1579 461 1615 tasar
497 1571 676 1627 segund
704 1584 754 1613 os
782 1573 1030 1625 pareseera,
1061 1569 1312 1612 dexandolo
1339 1572 1366 1611 a
1396 1575 1579 1611 vuestro
1607 1567 1811 1621 arbitrio,
1835 1569 1975 1613 etiam

341 1662 429 1704 que
450 1663 510 1691 no
531 1646 654 1703 ayais
676 1647 842 1702 pasado
863 1660 944 1702 por
964 1645 1080 1701 palla
1101 1660 1130 1700 y
1150 1646 1218 1688 105
1239 1645 1382 1697 lodos,
1402 1652 1571 1700 quanto
1592 1649 1618 1688 a
1639 1644 1724 1687 mis
1744 1644 1777 1698 †
1793 1644 1825 1698 †
1846 1659 1970 1690 com-

340 1730 547 1781 paneros3
587 1739 616 1779 y
652 1722 844 1779 primero
879 1736 961 1778 por
991 1721 1287 1778 justificarme
1318 1725 1582 1776 eomeneare
1613 1722 1669 1764 de
1690 1724 1766 1775 mi,
1792 1735 1880 1777 que
1900 1721 1970 1765 sin

339 1801 460 1847 duda
481 1815 507 1843 e
527 1800 625 1843 sido
646 1801 810 1866 mueho
832 1798 982 1854 tepido
1002 1813 1031 1854 y
1053 1799 1142 1841 mal
1162 1797 1379 1855 diligente
1401 1812 1458 1841 en
1478 1798 1546 1841 105
1563 1805 1700 1841 tratar
1715 1813 1745 1854 y
1761 1798 1972 1842 ordenar.
1996 1862 1999 1864 -

340 1879 462 1925 Ihus.
492 1890 564 1919 me
584 1876 782 1933 perdone
802 1890 831 1931 y
853 1875 1089 1931 rogadselo
1109 1889 1205 1918 vos.

429 1955 613 2010 Quanto
635 1956 661 1996 a
681 1953 724 1995 la
745 1953 865 1994 mula
882 1966 970 2006 que
992 1958 1116 1994 tanto
1138 1965 1210 1994 me
1231 1952 1615 2005 eneomendastes‚
1641 1967 1740 1997 eme
1761 1953 1893 1997 avido
1913 1954 1976 1996 de

339 2031 490 2083 modo,
515 2044 604 2085 que
625 2044 684 2073 no
701 2029 847 2084 quede
864 2029 994 2084 lugat
1011 2032 1037 2070 a
1053 2029 1265 2084 scrupulo
1282 2028 1328 2071 ni
1345 2032 1371 2070 a
1388 2029 1665 2085 restitueion,
1690 2031 1840 2074 dando
1855 2043 1977 2086 quae

413 2217 423 2236 ¹
474 2215 533 2249 Ex
551 2214 791 2260 autographo
809 2212 848 2247 in
866 2213 944 2247 vol.
966 2212 1014 2254 A,
1036 2212 1150 2247 unico
1167 2211 1273 2254 folio,
1293 2225 1331 2247 n.
1352 2221 1387 2257 7,
1407 2213 1526 2259 prius.
1550 2222 1628 2248 101.
1654 2214 1743 2249 Non
1766 2214 1977 2261 apponitur

340 2273 415 2309 alia
432 2272 616 2319 temporis
641 2276 732 2307 nota
760 2271 851 2307 huic
880 2270 1083 2318 epistolae,
1103 2271 1178 2306 nisi
1195 2271 1274 2306 illa:
1307 2272 1400 2306 «dia
1418 2273 1465 2306 de
1484 2271 1660 2307 Nuestra
1681 2273 1872 2308 Seffora».
1893 2273 1971 2310 Hic

339 2337 468 2367 autem
486 2331 569 2366 dies
589 2342 676 2366 esse
694 2330 826 2371 debet,
845 2341 922 2376 quo
939 2329 1083 2365 festum
1101 2330 1229 2375 agitur
1245 2324 1291 2365 B.
1311 2330 1485 2375 Virginis
1499 2330 1547 2365 ad
1561 2331 1749 2376 templum
1762 2330 1968 2374 deductae,

338 2402 477 2438 nempe
496 2399 537 2425 21
558 2388 806 2425 Novembris.
827 2389 986 2423 Praeter
1004 2401 1050 2424 ea
1067 2389 1185 2431 enirn,
1204 2390 1279 2424 huc
1293 2388 1522 2435 spectantia,
1538 2396 1636 2436 quae
1650 2390 1795 2425 habent
1807 2390 1972 2426 POLAN—

339 2458 432 2492 cos,
455 2448 691 2492 chronicon,
712 2452 741 2483 t.
761 2457 786 2489 1,
807 2458 894 2494 pag.
919 2448 997 2489 118,
1018 2460 1056 2483 n.
1078 2457 1136 2493 57,
1156 2453 1196 2483 et
1214 2447 1463 2489 ORLANDINI,
1483 2448 1590 2483 Hist.
1612 2449 1696 2483 Soc.
1708 2448 1807 2494 jes„
1828 2448 1896 2484 lib.
1911 2458 1972 2492 iv,

339 2521 377 2544 n.
399 2517 457 2554 52,
477 2507 652 2554 Ignatius
679 2514 721 2552 15
751 2507 985 2542 Novembris
1018 2507 1109 2552 1543
1137 2507 1335 2543 scribebat
1363 2506 1487 2542 sorori
1515 2507 1725 2542 Theresiae
1754 2507 1970 2554 Rajadella,

339 2567 607 2603 Bareinonem:
629 2566 686 2601 «Y
703 2578 849 2613 porque
867 2566 978 2602 desto
996 2579 1022 2613 y
1039 2566 1088 2602 de
1107 2572 1210 2602 otras
1233 2578 1359 2608 cosas,
1386 2565 1578 2602 habiendo
1602 2566 1856 2603 eomunicado
1879 2579 1971 2604 asaz

339 2639 412 2663 eon
430 2628 465 2662 el
484 2625 715 2662 Liceneiado
734 2625 873 2667 Araoz,
893 2637 969 2672 que
988 2630 1072 2661 esta
1089 2626 1195 2668 dara,
1215 2627 1250 2662 al
1268 2627 1354 2661 cual
1373 2637 1422 2661 en
1441 2625 1531 2661 todo
1549 2625 1847 2662 remitiendome
1865 2638 1915 2663 en
1933 2628 1968 2663 el

340 2687 464 2722 Sefior
481 2686 664 2727 Nuestro‚
683 2696 775 2720 ceso
792 2685 964 2730 rogando
979 2687 1001 2720 a
1015 2685 1112 2721 Dios
1126 2685 1296 2721 Nuestro
1311 2685 1504 2720 Sefior...»
1520 2684 1694 2731 Epistola
1707 2690 1852 2728 autem,
1870 2698 1975 2733 quae

338 2747 437 2782 hanc
454 2744 705 2791 consequitur
720 2744 827 2788 (vide
845 2743 960 2788 infra)
978 2745 1121 2790 legitur
1138 2745 1282 2791 scripta
1295 2744 1358 2780 die
1376 2748 1533 2779 sanetae
1547 2743 1781 2780 Catharinae
1795 2756 1917 2788 sacra,
1931 2745 1971 2782 id

341 2810 414 2847 est,
434 2811 478 2849 25
496 2803 731 2839 Novembris
758 2802 860 2848 1543.

387 2866 402 2886 2
476 2863 609 2898 «Mons
626 2863 792 2904 Roseus,
808 2874 878 2898 seu
895 2863 1078 2905 Rosulus,
1097 2862 1325 2907 Monterosi,
1349 2863 1575 2910 oppidulum
1593 2863 1730 2899 Italiae
1753 2863 1793 2899 in
1816 2864 1975 2911 provin=

341 2922 401 2959 cia
417 2921 658 2964 Patrimonii,
677 2925 717 2956 et
733 2920 904 2957 medium
921 2921 1023 2957 inter
1039 2923 1202 2958 Romam
1219 2927 1259 2958 et
1276 2922 1510 2964 Viterbium,
1530 2932 1576 2957 20
1599 2922 1830 2958 milliaribus
1849 2923 1973 2959 utrin-

340 2993 415 3030 que
432 2980 594 3023 distans,
613 2980 653 3016 in
666 2980 812 3016 ditione
826 2981 1042 3023 Ponfifieia,
1058 2986 1098 3017 et
1110 2979 1255 3028 pendet
1269 2981 1308 3017 in
1321 2981 1586 3028 spiritualibus
1600 2983 1648 3017 ab
1664 2982 1820 3018 Abbate
1833 2981 1967 3018 Trium

339 3041 533 3082 Fontium,
553 3051 672 3087 prope
689 3040 888 3075 Romam.»
908 3041 1160 3083 FERRARIUS,
1184 3040 1350 3077 Lexicon
1360 3042 1692 3089 geographicum.
