2196 3548
339 224 408 261 288
934 227 1170 263 Epls'rOLAE
1197 225 1365 259 Mum-AF.

426 329 496 372 De
516 329 696 373 Gaudia
723 330 772 372 18
795 330 852 373 de
866 328 1004 387 Junio
1032 327 1157 382 1546.

427 404 476 450 Si
503 408 530 449 a
551 407 609 450 V.
639 407 694 449 R.
723 406 767 449 16
793 405 1019 462 pareciere
1046 402 1150 447 bien
1177 409 1273 446 esta
1301 402 1426 454 obra,
1456 401 1629 445 escriva
1651 415 1734 458 por
1759 416 1884 446 amor
1909 403 1973 449 de

335 488 521 526 nuestro
542 483 688 527 Sefior
713 497 803 525 vna
828 488 952 525 carta
978 485 1004 524 a
1032 481 1075 523 la
1102 485 1263 522 sefiora
1289 479 1409 521 dosia
1429 479 1594 536 Juana,
1626 477 1912 523 animandola
1934 493 1968 535 y

332 559 497 602 loando
517 565 639 602 estos
659 565 814 602 santos
834 559 1008 610 deseos,
1027 555 1234 599 diziendo
1250 558 1379 598 como
1396 560 1494 598 esto
1515 569 1541 598 a
1562 554 1805 599 entendido
1826 557 1883 600 V.
1906 556 1974 610 P.N

334 636 392 679 de
412 639 489 689 mi,
514 635 552 679 si
572 636 616 679 16
635 649 819 692 patesce
840 649 928 691 que
944 632 1177 677 conviene.

1182 710 1385 753 ANDRES
1417 722 1481 753 DE
1514 709 1723 754 Ovmno.

1114 925 1182 965 Sl

857 1031 1128 1070 ANTONIUS
1154 1031 1225 1066 DE
1251 1029 1431 1068 ARAOZ

657 1135 865 1179 PATRI
897 1133 1195 1178 IGNATIO
1226 1133 1316 1175 DE
1347 1133 1637 1177 LOYOLA

729 1254 928 1287 MATmTo,
948 1253 1151 1281 DOMINICA
1169 1252 1405 1280 TRINITATIS
1426 1244 1517 1290 1546
1532 1247 1558 1282 ¹.

326 1351 510 1394 Fabrum,
528 1356 572 1384 ut
588 1348 730 1383 fractas
749 1347 852 1382 vires
869 1350 1087 1392 recuperet,
1107 1344 1322 1380 Barcinone
1340 1345 1833 1384 subsistere.—Araozium
1844 1347 1886 1385 in
1898 1348 1964 1396 pia

399 1409 529 1444 opera,
549 1406 690 1441 magno
706 1394 863 1442 quidem
880 1405 968 1428 cum
985 1392 1127 1433 fructu,
1147 1392 1598 1429 incumbere.—Famam
1614 1393 1803 1432 Societati
1825 1395 1963 1433 adver-

399 1457 495 1484 sam,
521 1443 725 1479 occasione
749 1441 949 1488 cujusdam
974 1445 1104 1475 mente
1127 1440 1244 1486 capti,
1271 1451 1340 1487 per
1363 1441 1499 1476 urbem
1523 1441 1829 1486 disseminatam,
1849 1443 1962 1480 mira-

398 1492 467 1528 bili
486 1490 641 1527 Araozii
658 1490 846 1525 concione
872 1489 1335 1533 evanuisse.—Joannem
1360 1488 1524 1534 Poggio,
1548 1489 1744 1526 Nuncium
1761 1490 1964 1529 Pontificis

398 1539 571 1581 Maximi,
602 1537 926 1574 Societatis.esse
950 1535 1701 1572 studiosissimum.——Barcinonensium
1726 1539 1964 1576 monasteria

399 1598 593 1622 sacrarum
619 1585 814 1630 virginum
843 1583 892 1619 ad
921 1583 1157 1618 severiorem
1182 1582 1427 1629 disciplinam
1456 1584 1626 1626 restitui,
1650 1586 1853 1631 negotium
1871 1598 1961 1624 esse

399 1639 627 1681 exoptatum
644 1632 816 1680 quidem,
835 1631 904 1667 sed
921 1631 1034 1679 plane
1052 1630 1215 1666 arduum
1234 1636 1274 1666 et
1300 1630 1496 1678 plerisque
1510 1631 1762 1679 desperatum
1786 1634 1959 1676 omnino.

1078 1712 1178 1809 Jlis.

412 1847 573 1893 Gratia
593 1853 639 1891 et
660 1861 747 1903 pax
768 1844 952 1889 Domini
973 1844 1114 1888 nostri
1135 1846 1244 1903 jhu.
1275 1844 1381 1902 Xpi.
1407 1844 1465 1888 sit
1492 1859 1670 1902 semper
1698 1845 1953 1892 nobiscum.

410 1927 536 1982 Ayer
556 1923 733 1980 resciby
753 1923 797 1965 la
817 1923 889 1965 del
911 1923 1142 1965 Hermano
1163 1923 1199 1965 F
1201 1936 1350 1975 erron,
1369 1922 1427 1965 de
1449 1934 1498 1966 12
1521 1923 1579 1966 de
1595 1922 1741 1966 Abril.
1760 1924 1832 1967 De
1847 1916 1957 1968 todo

319 2017 428 2047 sean
449 2002 589 2046 dadas
610 1999 808 2044 infinitas
828 2000 973 2042 loores
989 1999 1032 2042 al
1048 2000 1208 2052 Sefior,
1229 1998 1306 2054 qui
1322 2005 1534 2056 operatur
1564 1999 1715 2043 omnia
1729 1999 1777 2043 in
1806 2000 1958 2045 omni-

318 2081 421 2124 bus.
448 2081 538 2123 Por
559 2077 759 2121 diversas
779 2075 876 2119 vias
901 2091 931 2131 y
952 2090 1085 2119 vezes
1106 2090 1131 2119 6
1158 2075 1325 2132 scripto
1356 2079 1382 2119 a
1410 2077 1468 2120 V.
1499 2077 1554 2120 R.
1585 2077 1730 2134 largo,
1759 2077 1957 2134 despues

319 2171 409 2214 que
429 2156 471 2200 el
488 2157 541 2199 P.
568 2156 699 2198 Mtre.
726 2153 871 2196 Fabro
892 2156 1066 2209 party63
1091 2167 1121 2209 y
1142 2167 1313 2209 porque
1335 2156 1361 2196 a
1377 2159 1474 2197 esta
1499 2154 1626 2206 hora,
1658 2167 1748 2210 que
1774 2167 1824 2198 es
1844 2168 1955 2210 muy

320 2376 397 2413 que
419 2375 511 2411 para
533 2362 698 2409 cumplir
720 2363 776 2397 las
806 2360 1048 2396 intenciones
1071 2361 1134 2397 del
1158 2361 1284 2397 Sefior
1312 2362 1454 2409 Duque
1479 2373 1506 2409 y
1528 2361 1578 2398 de
1603 2362 1639 2398 la
1668 2361 1818 2398 Sefiora
1839 2362 1955 2399 Dofla

320 2425 457 2472 Joana,
476 2434 568 2470 para
583 2433 705 2468 ganar
722 2423 804 2456 mas
822 2421 969 2456 animas
987 2433 1013 2467 y
1030 2432 1122 2467 para
1138 2432 1214 2468 que
1232 2423 1315 2456 mas
1331 2420 1663 2458 universalmente
1676 2421 1773 2458 Dios
1790 2426 1956 2459 nuestro

319 2483 445 2518 Sefior
468 2494 535 2518 sea
557 2480 713 2517 servido
735 2480 785 2516 de
811 2479 921 2515 todos
945 2492 971 2526 y
988 2479 1037 2515 de
1055 2479 1166 2515 todas
1191 2492 1241 2516 en
1264 2492 1399 2528 mayor
1421 2480 1617 2528 provecho
1640 2480 1854 2528 espiritual,
1879 2493 1954 2517 nos

319 2541 588 2591 persuadimos
604 2551 680 2587 que
704 2540 791 2574 sera
814 2550 866 2573 un
883 2539 1012 2573 bueno
1034 2551 1061 2585 y
1078 2542 1191 2574 santo
1217 2539 1346 2575 medio
1363 2539 1412 2575 de
1436 2540 1553 2576 hazer
1575 2551 1652 2575 una
1674 2542 1877 2588 compafiia
1901 2540 1952 2576 de

317 2605 478 2637 sefioras
497 2612 523 2648 y
536 2599 585 2636 de
603 2604 707 2634 otras
720 2609 796 2645 que
810 2598 867 2633 les
880 2597 1105 2644 parecieren
1118 2598 1245 2645 justas
1258 2611 1284 2646 y
1298 2603 1430 2635 santas
1449 2610 1500 2635 en
1513 2600 1549 2635 el
1564 2599 1689 2635 Sefior
1701 2604 1876 2642 nuestro,
1890 2611 1952 2636 se-

315 2673 398 2709 gun
410 2672 485 2708 que
504 2672 554 2695 en
567 2670 643 2695 una
660 2657 845 2693 memoria
863 2669 912 2692 va
927 2669 1001 2693 con
1018 2663 1114 2700 esto,
1132 2661 1154 2693 ό
1171 2670 1284 2694 como
1298 2658 1420 2706 mejor
1437 2659 1511 2695 alla
1528 2670 1578 2695 en
1595 2660 1632 2695 el
1650 2659 1775 2695 Sefior
1790 2664 1953 2700 nuestro

315 2732 360 2757 se
372 2719 573 2767 Juzgare.»
595 2717 741 2754 Cartas
757 2718 804 2752 de
820 2717 904 2752 San
918 2717 1097 2764 Ignacio,
1117 2723 1145 2753 t.
1164 2727 1191 2760 1,
1211 2730 1300 2765 pag.
1326 2726 1496 2764 270-272.

388 2780 519 2827 Atque
548 2778 638 2814 hinc
666 2777 823 2812 demum
853 2778 966 2823 plane
984 2777 1256 2823 intelliguntur
1280 2778 1526 2825 loquutiones
1555 2778 1645 2815 illae
1668 2779 1949 2822 subobscurae,

315 2850 412 2887 quas
429 2850 559 2886 supra,
579 2836 694 2884 epist.
714 2835 774 2881 78,
794 2836 975 2881 legimus:
997 2836 1074 2871 «La
1092 2840 1231 2872 sefiora
1248 2837 1348 2873 dona
1365 2838 1491 2884 Juana
1509 2849 1553 2874 se
1571 2838 1826 2875 encomienda
1842 2850 1892 2875 en
1910 2839 1947 2875 el

315 2898 441 2935 Sefior
459 2909 509 2933 en
526 2897 575 2932 V.
595 2898 655 2938 P.,
673 2908 700 2943 y
717 2895 804 2931 dize
821 2907 898 2942 que
921 2896 970 2931 de
994 2897 1123 2932 buena
1139 2908 1242 2942 gana
1267 2897 1413 2933 hiziera
1436 2898 1512 2934 ella
1535 2899 1572 2934 lo
1596 2910 1674 2946 que
1698 2910 1745 2935 su
1769 2897 1948 2946 pariente

317 2957 498 3005 [scilicet,
512 2955 742 3004 Franciscus
760 2955 917 3001 Borgia]
936 2967 1005 3002 por
1022 2967 1092 2991 ver
1109 2958 1130 2991 a
1148 2956 1196 2991 V.
1217 2957 1286 2992 P.»

391 3019 401 3039 ¹
453 3017 511 3052 Ex
529 3015 769 3061 autographo
786 3014 826 3049 in
844 3015 920 3050 vol.
943 3015 990 3057 A,
1009 3014 1155 3062 duplici
1173 3015 1280 3059 folio,
1296 3029 1334 3052 n.
1354 3016 1414 3060 31,
1434 3017 1540 3065 prius
1558 3025 1642 3063 254,
1661 3025 1744 3064 255.

2166 3418 2196 3548 Qfflw
2181 3368 2196 3410 ἰν,
2179 3349 2193 3355 .·
