<?xml version="1.0" encoding="UTF-8"?>
<!DOCTYPE html PUBLIC "-//W3C//DTD XHTML 1.0 Transitional//EN"
    "http://www.w3.org/TR/xhtml1/DTD/xhtml1-transitional.dtd">
<html xmlns="http://www.w3.org/1999/xhtml" xml:lang="en" lang="en">
 <head>
  <title>
</title>
<meta http-equiv="Content-Type" content="text/html;charset=utf-8" />
  <meta name='ocr-system' content='tesseract 3.04.00' />
  <meta name='ocr-capabilities' content='ocr_page ocr_carea ocr_par ocr_line ocrx_word'/>
</head>
<body>
  <div class='ocr_page' id='page_1' title='image "./epistolaemixtaee01matruoft_0593.png"; bbox 0 0 2190 3510; ppageno 0'>
   <div class='ocr_carea' id='block_1_1' title="bbox 0 2570 8 2738">
    <p class='ocr_par' dir='ltr' id='par_1_1' title="bbox 0 2570 8 2738">
     <span class='ocr_line' id='line_1_1' title="bbox 0 2570 8 2623; baseline 0 0"><span class='ocrx_word' id='word_1_1' title='bbox 0 2570 8 2623; x_wconf 67' lang='grc' dir='ltr'>ἐ</span> 
     </span>
     <span class='ocr_line' id='line_1_2' title="bbox 0 2726 4 2738; baseline 0 0"><span class='ocrx_word' id='word_1_2' title='bbox 0 2726 4 2738; x_wconf 92' lang='grc'>,</span> 
     </span>
    </p>
   </div>
   <div class='ocr_carea' id='block_1_2' title="bbox 0 3033 17 3237">
    <p class='ocr_par' dir='ltr' id='par_1_2' title="bbox 0 3033 17 3237">
     <span class='ocr_line' id='line_1_3' title="bbox 0 3033 17 3237; textangle 90"><span class='ocrx_word' id='word_1_3' title='bbox 14 3234 17 3237; x_wconf 47' lang='grc'><strong>,</strong></span> <span class='ocrx_word' id='word_1_4' title='bbox 0 3033 11 3159; x_wconf 60' lang='lat' dir='ltr'>-w</span> 
     </span>
    </p>
   </div>
   <div class='ocr_carea' id='block_1_3' title="bbox 0 0 100 1228">
    <p class='ocr_par' dir='ltr' id='par_1_3' title="bbox 0 0 100 1228">
     <span class='ocr_line' id='line_1_4' title="bbox 0 0 100 1228; baseline 0 0"><span class='ocrx_word' id='word_1_5' title='bbox 0 0 100 1228; x_wconf 95' lang='lat' dir='ltr'> </span> 
     </span>
    </p>
   </div>
   <div class='ocr_carea' id='block_1_4' title="bbox 910 259 1842 309">
    <p class='ocr_par' dir='ltr' id='par_1_4' title="bbox 910 259 1842 309">
     <span class='ocr_line' id='line_1_5' title="bbox 910 259 1842 309; baseline 0.001 -15"><span class='ocrx_word' id='word_1_6' title='bbox 910 259 1133 295; x_wconf 68' lang='lat' dir='ltr'><strong>Appssnmx</strong></span> <span class='ocrx_word' id='word_1_7' title='bbox 1773 264 1842 309; x_wconf 84' lang='lat'>587</span> 
     </span>
    </p>
   </div>
   <div class='ocr_carea' id='block_1_5' title="bbox 190 359 1848 1581">
    <p class='ocr_par' dir='ltr' id='par_1_5' title="bbox 190 359 1847 1269">
     <span class='ocr_line' id='line_1_6' title="bbox 190 359 1843 417; baseline 0.002 -13"><span class='ocrx_word' id='word_1_8' title='bbox 190 359 472 410; x_wconf 65' lang='lat' dir='ltr'><strong>communita</strong></span> <span class='ocrx_word' id='word_1_9' title='bbox 491 374 519 406; x_wconf 82' lang='lat' dir='ltr'>a</span> <span class='ocrx_word' id='word_1_10' title='bbox 539 361 620 405; x_wconf 86' lang='lat' dir='ltr'>dar</span> <span class='ocrx_word' id='word_1_11' title='bbox 643 360 740 404; x_wconf 89' lang='lat' dir='ltr'>loro</span> <span class='ocrx_word' id='word_1_12' title='bbox 761 359 934 404; x_wconf 86' lang='lat' dir='ltr'>licenza</span> <span class='ocrx_word' id='word_1_13' title='bbox 955 361 999 403; x_wconf 90' lang='lat' dir='ltr'>d’</span> <span class='ocrx_word' id='word_1_14' title='bbox 1025 361 1167 405; x_wconf 84' lang='lat' dir='ltr'>andar</span> <span class='ocrx_word' id='word_1_15' title='bbox 1187 376 1214 405; x_wconf 89' lang='lat' dir='ltr'>a</span> <span class='ocrx_word' id='word_1_16' title='bbox 1236 363 1446 405; x_wconf 80' lang='lat' dir='ltr'>consolat</span> <span class='ocrx_word' id='word_1_17' title='bbox 1463 363 1601 417; x_wconf 87' lang='lat' dir='ltr'>quelli</span> <span class='ocrx_word' id='word_1_18' title='bbox 1622 365 1707 407; x_wconf 89' lang='lat' dir='ltr'>che</span> <span class='ocrx_word' id='word_1_19' title='bbox 1724 365 1843 408; x_wconf 89' lang='lat' dir='ltr'>della</span> 
     </span>
     <span class='ocr_line' id='line_1_7' title="bbox 193 435 1839 495; baseline 0.001 -13"><span class='ocrx_word' id='word_1_20' title='bbox 193 435 401 494; x_wconf 82' lang='lat' dir='ltr'>giustitia</span> <span class='ocrx_word' id='word_1_21' title='bbox 434 451 574 485; x_wconf 83' lang='lat' dir='ltr'>erano</span> <span class='ocrx_word' id='word_1_22' title='bbox 609 437 886 482; x_wconf 86' lang='lat' dir='ltr'>condannati</span> <span class='ocrx_word' id='word_1_23' title='bbox 923 453 950 482; x_wconf 88' lang='lat' dir='ltr'>a</span> <span class='ocrx_word' id='word_1_24' title='bbox 986 445 1147 491; x_wconf 90' lang='lat' dir='ltr'>morte,</span> <span class='ocrx_word' id='word_1_25' title='bbox 1188 437 1220 481; x_wconf 94' lang='lat' dir='ltr'>il</span> <span class='ocrx_word' id='word_1_26' title='bbox 1256 440 1342 482; x_wconf 92' lang='lat' dir='ltr'>che</span> <span class='ocrx_word' id='word_1_27' title='bbox 1378 438 1532 482; x_wconf 90' lang='lat' dir='ltr'>subito</span> <span class='ocrx_word' id='word_1_28' title='bbox 1571 440 1839 495; x_wconf 88' lang='lat' dir='ltr'>obtennero,</span> 
     </span>
     <span class='ocr_line' id='line_1_8' title="bbox 196 513 1842 573; baseline 0.002 -15"><span class='ocrx_word' id='word_1_29' title='bbox 196 513 430 559; x_wconf 84' lang='lat' dir='ltr'>facendosi</span> <span class='ocrx_word' id='word_1_30' title='bbox 459 513 537 573; x_wconf 89' lang='lat' dir='ltr'>poi</span> <span class='ocrx_word' id='word_1_31' title='bbox 557 516 705 560; x_wconf 85' lang='lat' dir='ltr'><strong>anche</strong></span> <span class='ocrx_word' id='word_1_32' title='bbox 735 529 994 572; x_wconf 84' lang='lat' dir='ltr'>aggregare</span> <span class='ocrx_word' id='word_1_33' title='bbox 1015 529 1042 558; x_wconf 89' lang='lat' dir='ltr'>a</span> <span class='ocrx_word' id='word_1_34' title='bbox 1072 522 1246 559; x_wconf 90' lang='lat' dir='ltr'>cotesta</span> <span class='ocrx_word' id='word_1_35' title='bbox 1268 515 1540 572; x_wconf 85' lang='lat' dir='ltr'>compagnia</span> <span class='ocrx_word' id='word_1_36' title='bbox 1570 516 1615 559; x_wconf 91' lang='lat' dir='ltr'>di</span> <span class='ocrx_word' id='word_1_37' title='bbox 1650 517 1698 560; x_wconf 93' lang='lat' dir='ltr'>S.</span> <span class='ocrx_word' id='word_1_38' title='bbox 1725 517 1842 561; x_wconf 90' lang='lat' dir='ltr'>Gio-</span> 
     </span>
     <span class='ocr_line' id='line_1_9' title="bbox 193 590 1845 646; baseline 0.002 -12"><span class='ocrx_word' id='word_1_39' title='bbox 193 590 333 635; x_wconf 86' lang='lat' dir='ltr'><strong>vanni</strong></span> <span class='ocrx_word' id='word_1_40' title='bbox 351 590 399 645; x_wconf 82' lang='lat' dir='ltr'>di</span> <span class='ocrx_word' id='word_1_41' title='bbox 419 592 456 636; x_wconf 93' lang='lat' dir='ltr'><strong>F</strong></span> <span class='ocrx_word' id='word_1_42' title='bbox 457 591 687 646; x_wconf 74' lang='lat' dir='ltr'>ioreutini,</span> <span class='ocrx_word' id='word_1_43' title='bbox 712 594 798 636; x_wconf 89' lang='lat' dir='ltr'>che</span> <span class='ocrx_word' id='word_1_44' title='bbox 818 594 878 636; x_wconf 90' lang='lat' dir='ltr'>ha</span> <span class='ocrx_word' id='word_1_45' title='bbox 898 593 929 635; x_wconf 89' lang='lat' dir='ltr'>l’</span> <span class='ocrx_word' id='word_1_46' title='bbox 949 592 1111 637; x_wconf 84' lang='lat' dir='ltr'>istesso</span> <span class='ocrx_word' id='word_1_47' title='bbox 1132 593 1225 636; x_wconf 91' lang='lat' dir='ltr'>fine</span> <span class='ocrx_word' id='word_1_48' title='bbox 1245 593 1290 635; x_wconf 90' lang='lat' dir='ltr'>d&#39;</span> <span class='ocrx_word' id='word_1_49' title='bbox 1316 592 1491 637; x_wconf 87' lang='lat' dir='ltr'>aiutare</span> <span class='ocrx_word' id='word_1_50' title='bbox 1512 592 1544 636; x_wconf 89' lang='lat' dir='ltr'>li</span> <span class='ocrx_word' id='word_1_51' title='bbox 1566 594 1845 637; x_wconf 85' lang='lat' dir='ltr'>condannati</span> 
     </span>
     <span class='ocr_line' id='line_1_10' title="bbox 193 668 1845 729; baseline 0 -15"><span class='ocrx_word' id='word_1_52' title='bbox 193 682 222 714; x_wconf 79' lang='lat' dir='ltr'>a</span> <span class='ocrx_word' id='word_1_53' title='bbox 241 675 406 722; x_wconf 72' lang='lat' dir='ltr'>morte,</span> <span class='ocrx_word' id='word_1_54' title='bbox 430 669 467 718; x_wconf 85' lang='lat' dir='ltr'>Il</span> <span class='ocrx_word' id='word_1_55' title='bbox 493 668 641 729; x_wconf 76' lang='lat' dir='ltr'>primo</span> <span class='ocrx_word' id='word_1_56' title='bbox 669 670 810 727; x_wconf 88' lang='lat' dir='ltr'>luogo</span> <span class='ocrx_word' id='word_1_57' title='bbox 833 672 919 714; x_wconf 92' lang='lat' dir='ltr'>che</span> <span class='ocrx_word' id='word_1_58' title='bbox 939 671 1142 715; x_wconf 90' lang='lat' dir='ltr'>hebbero</span> <span class='ocrx_word' id='word_1_59' title='bbox 1164 685 1244 728; x_wconf 92' lang='lat' dir='ltr'>per</span> <span class='ocrx_word' id='word_1_60' title='bbox 1267 671 1334 714; x_wconf 83' lang='lat' dir='ltr'>sar</span> <span class='ocrx_word' id='word_1_61' title='bbox 1355 671 1398 714; x_wconf 91' lang='lat' dir='ltr'>le</span> <span class='ocrx_word' id='word_1_62' title='bbox 1419 684 1502 714; x_wconf 87' lang='lat' dir='ltr'>sue</span> <span class='ocrx_word' id='word_1_63' title='bbox 1524 670 1762 718; x_wconf 87' lang='lat' dir='ltr'><strong>adunanze</strong></span> <span class='ocrx_word' id='word_1_64' title='bbox 1795 673 1845 714; x_wconf 87' lang='lat' dir='ltr'><strong>fu</strong></span> 
     </span>
     <span class='ocr_line' id='line_1_11' title="bbox 193 745 1843 805; baseline 0 -14"><span class='ocrx_word' id='word_1_65' title='bbox 193 745 238 791; x_wconf 85' lang='lat' dir='ltr'>la</span> <span class='ocrx_word' id='word_1_66' title='bbox 257 745 436 795; x_wconf 61' lang='lat' dir='ltr'>chima</span> <span class='ocrx_word' id='word_1_67' title='bbox 448 747 568 803; x_wconf 69' lang='lat' dir='ltr'>della</span> <span class='ocrx_word' id='word_1_68' title='bbox 582 746 835 804; x_wconf 86' lang='lat' dir='ltr'>disciplina,</span> <span class='ocrx_word' id='word_1_69' title='bbox 855 747 930 805; x_wconf 93' lang='lat' dir='ltr'>poi</span> <span class='ocrx_word' id='word_1_70' title='bbox 947 749 1198 792; x_wconf 90' lang='lat' dir='ltr'>obtennero</span> <span class='ocrx_word' id='word_1_71' title='bbox 1223 755 1384 805; x_wconf 91' lang='lat' dir='ltr'>questa</span> <span class='ocrx_word' id='word_1_72' title='bbox 1400 762 1520 792; x_wconf 87' lang='lat' dir='ltr'>nova</span> <span class='ocrx_word' id='word_1_73' title='bbox 1538 746 1584 790; x_wconf 92' lang='lat' dir='ltr'>di</span> <span class='ocrx_word' id='word_1_74' title='bbox 1601 748 1648 792; x_wconf 92' lang='lat' dir='ltr'>S.</span> <span class='ocrx_word' id='word_1_75' title='bbox 1672 749 1843 801; x_wconf 89' lang='lat' dir='ltr'>Rocco,</span> 
     </span>
     <span class='ocr_line' id='line_1_12' title="bbox 191 821 1846 884; baseline -0.003 -12"><span class='ocrx_word' id='word_1_76' title='bbox 191 821 237 879; x_wconf 58' lang='lat' dir='ltr'>la</span> <span class='ocrx_word' id='word_1_77' title='bbox 256 823 392 884; x_wconf 54' lang='lat' dir='ltr'>quale</span> <span class='ocrx_word' id='word_1_78' title='bbox 409 823 486 873; x_wconf 81' lang='lat' dir='ltr'>au&#39;</span> <span class='ocrx_word' id='word_1_79' title='bbox 515 825 630 869; x_wconf 88' lang='lat' dir='ltr'>hora</span> <span class='ocrx_word' id='word_1_80' title='bbox 656 823 695 868; x_wconf 91' lang='lat' dir='ltr'>si</span> <span class='ocrx_word' id='word_1_81' title='bbox 722 825 954 869; x_wconf 87' lang='lat' dir='ltr'>fabricava</span> <span class='ocrx_word' id='word_1_82' title='bbox 981 825 1100 869; x_wconf 85' lang='lat' dir='ltr'>dalla</span> <span class='ocrx_word' id='word_1_83' title='bbox 1127 824 1376 878; x_wconf 78' lang='lat' dir='ltr'>comunita,</span> <span class='ocrx_word' id='word_1_84' title='bbox 1408 824 1487 883; x_wconf 66' lang='lat' dir='ltr'>per</span> <span class='ocrx_word' id='word_1_85' title='bbox 1517 831 1626 868; x_wconf 93' lang='lat' dir='ltr'>voto</span> <span class='ocrx_word' id='word_1_86' title='bbox 1657 825 1769 868; x_wconf 87' lang='lat' dir='ltr'>fatto</span> <span class='ocrx_word' id='word_1_87' title='bbox 1797 825 1846 868; x_wconf 92' lang='lat' dir='ltr'>in</span> 
     </span>
     <span class='ocr_line' id='line_1_13' title="bbox 192 899 1847 959; baseline 0.001 -16"><span class='ocrx_word' id='word_1_88' title='bbox 192 905 346 958; x_wconf 79' lang='lat' dir='ltr'>tempo</span> <span class='ocrx_word' id='word_1_89' title='bbox 366 899 414 950; x_wconf 78' lang='lat' dir='ltr'>di</span> <span class='ocrx_word' id='word_1_90' title='bbox 434 909 576 959; x_wconf 89' lang='lat' dir='ltr'>peste.</span> <span class='ocrx_word' id='word_1_91' title='bbox 603 903 640 946; x_wconf 94' lang='lat' dir='ltr'><strong>F</strong></span> <span class='ocrx_word' id='word_1_92' title='bbox 642 901 904 957; x_wconf 88' lang='lat' dir='ltr'>inalmente,</span> <span class='ocrx_word' id='word_1_93' title='bbox 936 902 1133 947; x_wconf 91' lang='lat' dir='ltr'>essendo</span> <span class='ocrx_word' id='word_1_94' title='bbox 1162 903 1270 946; x_wconf 89' lang='lat' dir='ltr'>dato</span> <span class='ocrx_word' id='word_1_95' title='bbox 1298 917 1325 947; x_wconf 88' lang='lat' dir='ltr'>a</span> <span class='ocrx_word' id='word_1_96' title='bbox 1351 901 1428 947; x_wconf 90' lang='lat' dir='ltr'>noi</span> <span class='ocrx_word' id='word_1_97' title='bbox 1455 902 1514 947; x_wconf 90' lang='lat' dir='ltr'>ad</span> <span class='ocrx_word' id='word_1_98' title='bbox 1544 901 1751 946; x_wconf 86' lang='lat' dir='ltr'>instanza</span> <span class='ocrx_word' id='word_1_99' title='bbox 1772 903 1847 946; x_wconf 89' lang='lat' dir='ltr'>del</span> 
     </span>
     <span class='ocr_line' id='line_1_14' title="bbox 191 976 1847 1037; baseline 0.002 -17"><span class='ocrx_word' id='word_1_100' title='bbox 191 976 312 1025; x_wconf 83' lang='lat' dir='ltr'><strong>duca</strong></span> <span class='ocrx_word' id='word_1_101' title='bbox 333 978 524 1023; x_wconf 90' lang='lat' dir='ltr'>Ottavio</span> <span class='ocrx_word' id='word_1_102' title='bbox 546 979 674 1024; x_wconf 87' lang='lat' dir='ltr'>detta</span> <span class='ocrx_word' id='word_1_103' title='bbox 694 979 849 1024; x_wconf 84' lang='lat' dir='ltr'>chiesa</span> <span class='ocrx_word' id='word_1_104' title='bbox 869 980 927 1024; x_wconf 91' lang='lat' dir='ltr'>de</span> <span class='ocrx_word' id='word_1_105' title='bbox 949 981 997 1026; x_wconf 90' lang='lat' dir='ltr'>S.</span> <span class='ocrx_word' id='word_1_106' title='bbox 1023 982 1196 1034; x_wconf 91' lang='lat' dir='ltr'>Rocco,</span> <span class='ocrx_word' id='word_1_107' title='bbox 1216 981 1267 1026; x_wconf 86' lang='lat' dir='ltr'><strong>fu</strong></span> <span class='ocrx_word' id='word_1_108' title='bbox 1282 981 1382 1024; x_wconf 90' lang='lat' dir='ltr'>loro</span> <span class='ocrx_word' id='word_1_109' title='bbox 1403 987 1650 1037; x_wconf 83' lang='lat' dir='ltr'>assegnato</span> <span class='ocrx_word' id='word_1_110' title='bbox 1671 995 1737 1023; x_wconf 88' lang='lat' dir='ltr'>un</span> <span class='ocrx_word' id='word_1_111' title='bbox 1758 979 1847 1023; x_wconf 90' lang='lat' dir='ltr'>sito</span> 
     </span>
     <span class='ocr_line' id='line_1_15' title="bbox 193 1053 1844 1116; baseline 0 -17"><span class='ocrx_word' id='word_1_112' title='bbox 193 1069 222 1099; x_wconf 86' lang='lat' dir='ltr'>a</span> <span class='ocrx_word' id='word_1_113' title='bbox 240 1053 502 1114; x_wconf 89' lang='lat' dir='ltr'>dirimpetto</span> <span class='ocrx_word' id='word_1_114' title='bbox 524 1056 571 1100; x_wconf 91' lang='lat' dir='ltr'>di</span> <span class='ocrx_word' id='word_1_115' title='bbox 598 1056 691 1111; x_wconf 88' lang='lat' dir='ltr'>noi,</span> <span class='ocrx_word' id='word_1_116' title='bbox 723 1057 841 1102; x_wconf 91' lang='lat' dir='ltr'>dove</span> <span class='ocrx_word' id='word_1_117' title='bbox 860 1057 1157 1116; x_wconf 36' lang='lat' dir='ltr'>ifabricarono</span> <span class='ocrx_word' id='word_1_118' title='bbox 1184 1058 1228 1102; x_wconf 88' lang='lat' dir='ltr'>la</span> <span class='ocrx_word' id='word_1_119' title='bbox 1248 1056 1471 1101; x_wconf 90' lang='lat' dir='ltr'>chiesetta</span> <span class='ocrx_word' id='word_1_120' title='bbox 1499 1063 1546 1101; x_wconf 91' lang='lat' dir='ltr'>et</span> <span class='ocrx_word' id='word_1_121' title='bbox 1571 1057 1772 1101; x_wconf 87' lang='lat' dir='ltr'>oratorio</span> <span class='ocrx_word' id='word_1_122' title='bbox 1798 1056 1844 1099; x_wconf 92' lang='lat' dir='ltr'>di</span> 
     </span>
     <span class='ocr_line' id='line_1_16' title="bbox 194 1131 1846 1190; baseline -0.002 -11"><span class='ocrx_word' id='word_1_123' title='bbox 194 1132 243 1179; x_wconf 90' lang='lat' dir='ltr'>S.</span> <span class='ocrx_word' id='word_1_124' title='bbox 275 1131 506 1178; x_wconf 83' lang='lat' dir='ltr'>Giovanni</span> <span class='ocrx_word' id='word_1_125' title='bbox 532 1135 772 1188; x_wconf 85' lang='lat' dir='ltr'>decollato,</span> <span class='ocrx_word' id='word_1_126' title='bbox 805 1135 852 1179; x_wconf 91' lang='lat' dir='ltr'>in</span> <span class='ocrx_word' id='word_1_127' title='bbox 880 1134 957 1179; x_wconf 82' lang='lat' dir='ltr'><strong>cui</strong></span> <span class='ocrx_word' id='word_1_128' title='bbox 985 1135 1162 1190; x_wconf 87' lang='lat' dir='ltr'>adesso,</span> <span class='ocrx_word' id='word_1_129' title='bbox 1203 1148 1332 1179; x_wconf 88' lang='lat' dir='ltr'>come</span> <span class='ocrx_word' id='word_1_130' title='bbox 1360 1136 1418 1179; x_wconf 94' lang='lat' dir='ltr'>V.</span> <span class='ocrx_word' id='word_1_131' title='bbox 1452 1136 1507 1179; x_wconf 90' lang='lat' dir='ltr'>R.</span> <span class='ocrx_word' id='word_1_132' title='bbox 1540 1149 1605 1187; x_wconf 87' lang='lat' dir='ltr'>sa,</span> <span class='ocrx_word' id='word_1_133' title='bbox 1646 1133 1846 1179; x_wconf 85' lang='lat' dir='ltr'>exercita</span> 
     </span>
     <span class='ocr_line' id='line_1_17' title="bbox 195 1209 1023 1269; baseline 0.004 -15"><span class='ocrx_word' id='word_1_134' title='bbox 195 1209 323 1256; x_wconf 85' lang='lat' dir='ltr'>detta</span> <span class='ocrx_word' id='word_1_135' title='bbox 342 1211 615 1269; x_wconf 87' lang='lat' dir='ltr'>compagnia</span> <span class='ocrx_word' id='word_1_136' title='bbox 636 1213 678 1256; x_wconf 90' lang='lat' dir='ltr'>le</span> <span class='ocrx_word' id='word_1_137' title='bbox 698 1227 782 1257; x_wconf 91' lang='lat' dir='ltr'>sue</span> <span class='ocrx_word' id='word_1_138' title='bbox 803 1212 1023 1257; x_wconf 87' lang='lat' dir='ltr'><strong>funzioni.</strong></span> 
     </span>
    </p>

    <p class='ocr_par' dir='ltr' id='par_1_6' title="bbox 195 1289 1848 1581">
     <span class='ocr_line' id='line_1_18' title="bbox 286 1289 1848 1346; baseline -0.001 -13"><span class='ocrx_word' id='word_1_139' title='bbox 286 1289 465 1346; x_wconf 79' lang='lat' dir='ltr'>Questo</span> <span class='ocrx_word' id='word_1_140' title='bbox 485 1290 512 1334; x_wconf 78' lang='grc' dir='ltr'>ἑ</span> <span class='ocrx_word' id='word_1_141' title='bbox 533 1298 706 1346; x_wconf 91' lang='lat' dir='ltr'><strong>quanto</strong></span> <span class='ocrx_word' id='word_1_142' title='bbox 726 1291 787 1334; x_wconf 94' lang='lat' dir='ltr'>ho</span> <span class='ocrx_word' id='word_1_143' title='bbox 810 1298 991 1335; x_wconf 84' lang='lat' dir='ltr'>trovato</span> <span class='ocrx_word' id='word_1_144' title='bbox 1007 1291 1082 1335; x_wconf 92' lang='lat' dir='ltr'>del</span> <span class='ocrx_word' id='word_1_145' title='bbox 1103 1291 1158 1336; x_wconf 90' lang='lat' dir='ltr'>P.</span> <span class='ocrx_word' id='word_1_146' title='bbox 1178 1292 1215 1335; x_wconf 93' lang='lat' dir='ltr'>F</span> <span class='ocrx_word' id='word_1_147' title='bbox 1217 1291 1329 1335; x_wconf 87' lang='lat' dir='ltr'>abro</span> <span class='ocrx_word' id='word_1_148' title='bbox 1345 1298 1391 1334; x_wconf 90' lang='lat' dir='ltr'>et</span> <span class='ocrx_word' id='word_1_149' title='bbox 1407 1291 1482 1335; x_wconf 91' lang='lat' dir='ltr'>del</span> <span class='ocrx_word' id='word_1_150' title='bbox 1506 1292 1558 1334; x_wconf 89' lang='grc' dir='ltr'>Ρ.</span> <span class='ocrx_word' id='word_1_151' title='bbox 1581 1290 1750 1335; x_wconf 85' lang='lat' dir='ltr'>Lainez</span> <span class='ocrx_word' id='word_1_152' title='bbox 1772 1290 1848 1333; x_wconf 91' lang='lat' dir='ltr'>nel</span> 
     </span>
     <span class='ocr_line' id='line_1_19' title="bbox 195 1364 1848 1427; baseline 0 -17"><span class='ocrx_word' id='word_1_153' title='bbox 195 1364 313 1410; x_wconf 90' lang='lat' dir='ltr'>libro</span> <span class='ocrx_word' id='word_1_154' title='bbox 339 1366 446 1411; x_wconf 89' lang='lat' dir='ltr'>dell&#39;</span> <span class='ocrx_word' id='word_1_155' title='bbox 476 1365 762 1413; x_wconf 88' lang='lat' dir='ltr'>institutione</span> <span class='ocrx_word' id='word_1_156' title='bbox 788 1368 835 1412; x_wconf 92' lang='lat' dir='ltr'>di</span> <span class='ocrx_word' id='word_1_157' title='bbox 862 1369 988 1413; x_wconf 87' lang='lat' dir='ltr'>detta</span> <span class='ocrx_word' id='word_1_158' title='bbox 1015 1368 1303 1427; x_wconf 86' lang='lat' dir='ltr'>compagnia,</span> <span class='ocrx_word' id='word_1_159' title='bbox 1335 1367 1382 1412; x_wconf 92' lang='lat' dir='ltr'>di</span> <span class='ocrx_word' id='word_1_160' title='bbox 1411 1368 1485 1412; x_wconf 92' lang='lat' dir='ltr'><strong>cui</strong></span> <span class='ocrx_word' id='word_1_161' title='bbox 1514 1367 1651 1424; x_wconf 89' lang='lat' dir='ltr'>quelli</span> <span class='ocrx_word' id='word_1_162' title='bbox 1679 1367 1848 1424; x_wconf 86' lang='lat' dir='ltr'>paiono</span> 
     </span>
     <span class='ocr_line' id='line_1_20' title="bbox 196 1442 1846 1503; baseline 0.001 -17"><span class='ocrx_word' id='word_1_163' title='bbox 196 1442 428 1488; x_wconf 86' lang='lat' dir='ltr'>fondatori</span> <span class='ocrx_word' id='word_1_164' title='bbox 449 1444 591 1488; x_wconf 91' lang='lat' dir='ltr'>molto</span> <span class='ocrx_word' id='word_1_165' title='bbox 612 1445 790 1499; x_wconf 88' lang='lat' dir='ltr'>remoti,</span> <span class='ocrx_word' id='word_1_166' title='bbox 821 1460 872 1490; x_wconf 89' lang='lat' dir='ltr'>se</span> <span class='ocrx_word' id='word_1_167' title='bbox 892 1446 1010 1490; x_wconf 93' lang='lat' dir='ltr'>bene</span> <span class='ocrx_word' id='word_1_168' title='bbox 1030 1460 1133 1490; x_wconf 91' lang='lat' dir='ltr'>essa</span> <span class='ocrx_word' id='word_1_169' title='bbox 1154 1446 1228 1490; x_wconf 90' lang='lat' dir='ltr'>nel</span> <span class='ocrx_word' id='word_1_170' title='bbox 1249 1446 1461 1503; x_wconf 86' lang='lat' dir='ltr'>catalogo</span> <span class='ocrx_word' id='word_1_171' title='bbox 1488 1445 1534 1488; x_wconf 92' lang='lat' dir='ltr'>di</span> <span class='ocrx_word' id='word_1_172' title='bbox 1562 1445 1634 1488; x_wconf 91' lang='lat' dir='ltr'>sui</span> <span class='ocrx_word' id='word_1_173' title='bbox 1659 1444 1846 1488; x_wconf 60' lang='lat' dir='ltr'>institu»</span> 
     </span>
     <span class='ocr_line' id='line_1_21' title="bbox 195 1519 985 1581; baseline 0.005 -18"><span class='ocrx_word' id='word_1_174' title='bbox 195 1519 282 1564; x_wconf 88' lang='lat' dir='ltr'>tori</span> <span class='ocrx_word' id='word_1_175' title='bbox 303 1519 335 1563; x_wconf 93' lang='lat' dir='ltr'>li</span> <span class='ocrx_word' id='word_1_176' title='bbox 356 1520 544 1565; x_wconf 87' lang='lat' dir='ltr'>nomina</span> <span class='ocrx_word' id='word_1_177' title='bbox 565 1522 640 1566; x_wconf 90' lang='lat' dir='ltr'>nel</span> <span class='ocrx_word' id='word_1_178' title='bbox 660 1522 808 1580; x_wconf 91' lang='lat' dir='ltr'>primo</span> <span class='ocrx_word' id='word_1_179' title='bbox 828 1523 985 1581; x_wconf 87' lang='lat' dir='ltr'>luogo.</span> 
     </span>
    </p>
   </div>
   <div class='ocr_carea' id='block_1_6' title="bbox 253 1768 1775 2225">
    <p class='ocr_par' dir='ltr' id='par_1_7' title="bbox 253 1768 1775 2225">
     <span class='ocr_line' id='line_1_22' title="bbox 998 1768 1037 1809; baseline 0 0"><span class='ocrx_word' id='word_1_180' title='bbox 998 1768 1037 1809; x_wconf 73' lang='lat'><strong>5</strong></span> 
     </span>
     <span class='ocr_line' id='line_1_23' title="bbox 524 1895 1512 1941; baseline -0.001 0"><span class='ocrx_word' id='word_1_181' title='bbox 524 1895 722 1941; x_wconf 88' lang='lat' dir='ltr'><strong>PRIMA</strong></span> <span class='ocrx_word' id='word_1_182' title='bbox 754 1896 1126 1941; x_wconf 91' lang='lat' dir='ltr'>STUDIORUM</span> <span class='ocrx_word' id='word_1_183' title='bbox 1160 1896 1512 1940; x_wconf 90' lang='lat' dir='ltr'>ORDINATIO</span> 
     </span>
     <span class='ocr_line' id='line_1_24' title="bbox 845 2027 1174 2086; baseline 0.003 -16"><span class='ocrx_word' id='word_1_184' title='bbox 845 2029 978 2086; x_wconf 79' lang='lat' dir='ltr'>jhus.</span> <span class='ocrx_word' id='word_1_185' title='bbox 1015 2027 1174 2073; x_wconf 89' lang='lat' dir='ltr'>Maria.</span> 
     </span>
     <span class='ocr_line' id='line_1_25' title="bbox 253 2162 1775 2225; baseline 0.002 -22"><span class='ocrx_word' id='word_1_186' title='bbox 253 2171 396 2203; x_wconf 79' lang='lat' dir='ltr'>CIRCA</span> <span class='ocrx_word' id='word_1_187' title='bbox 419 2172 468 2203; x_wconf 84' lang='grc'>11,</span> <span class='ocrx_word' id='word_1_188' title='bbox 491 2172 625 2225; x_wconf 72' lang='lat' dir='ltr'>nono</span> <span class='ocrx_word' id='word_1_189' title='bbox 647 2173 697 2204; x_wconf 87' lang='lat' dir='ltr'>DI</span> <span class='ocrx_word' id='word_1_190' title='bbox 723 2173 933 2205; x_wconf 82' lang='lat' dir='ltr'><strong>STUDIAR</strong></span> <span class='ocrx_word' id='word_1_191' title='bbox 956 2174 1002 2204; x_wconf 84' lang='lat' dir='ltr'>LI</span> <span class='ocrx_word' id='word_1_192' title='bbox 1027 2173 1204 2204; x_wconf 75' lang='lat' dir='ltr'>Nos’rm</span> <span class='ocrx_word' id='word_1_193' title='bbox 1230 2173 1431 2206; x_wconf 77' lang='lat' dir='ltr'><strong>SCOLARI</strong></span> <span class='ocrx_word' id='word_1_194' title='bbox 1466 2174 1515 2207; x_wconf 72' lang='lat'>131</span> <span class='ocrx_word' id='word_1_195' title='bbox 1546 2174 1738 2209; x_wconf 74' lang='lat' dir='ltr'><strong>PADOVA</strong></span> <span class='ocrx_word' id='word_1_196' title='bbox 1764 2162 1775 2183; x_wconf 88' lang='lat'>¹</span> 
     </span>
    </p>
   </div>
   <div class='ocr_carea' id='block_1_7' title="bbox 289 2289 1845 2351">
    <p class='ocr_par' dir='ltr' id='par_1_8' title="bbox 289 2289 1845 2351">
     <span class='ocr_line' id='line_1_26' title="bbox 289 2289 1845 2351; baseline 0.003 -18"><span class='ocrx_word' id='word_1_197' title='bbox 289 2291 347 2333; x_wconf 87' lang='lat'>1.⁰</span> <span class='ocrx_word' id='word_1_198' title='bbox 407 2289 495 2334; x_wconf 90' lang='lat' dir='ltr'><strong>Fin</strong></span> <span class='ocrx_word' id='word_1_199' title='bbox 515 2304 543 2334; x_wconf 89' lang='lat' dir='ltr'>a</span> <span class='ocrx_word' id='word_1_200' title='bbox 565 2298 694 2337; x_wconf 88' lang='lat' dir='ltr'>tanto</span> <span class='ocrx_word' id='word_1_201' title='bbox 715 2293 802 2336; x_wconf 89' lang='lat' dir='ltr'>che</span> <span class='ocrx_word' id='word_1_202' title='bbox 823 2291 855 2335; x_wconf 92' lang='lat' dir='ltr'>li</span> <span class='ocrx_word' id='word_1_203' title='bbox 877 2291 1039 2336; x_wconf 86' lang='lat' dir='ltr'>scolari</span> <span class='ocrx_word' id='word_1_204' title='bbox 1060 2292 1206 2337; x_wconf 88' lang='lat' dir='ltr'>nostri</span> <span class='ocrx_word' id='word_1_205' title='bbox 1228 2292 1432 2338; x_wconf 88' lang='lat' dir='ltr'>habbino</span> <span class='ocrx_word' id='word_1_206' title='bbox 1455 2292 1680 2351; x_wconf 85' lang='lat' dir='ltr'>imparato</span> <span class='ocrx_word' id='word_1_207' title='bbox 1698 2294 1744 2338; x_wconf 94' lang='lat' dir='ltr'>lo</span> <span class='ocrx_word' id='word_1_208' title='bbox 1761 2308 1845 2338; x_wconf 77' lang='lat' dir='ltr'>ne-</span> 
     </span>
    </p>
   </div>
   <div class='ocr_carea' id='block_1_8' title="bbox 193 2409 479 2418">
    <p class='ocr_par' dir='ltr' id='par_1_9' title="bbox 193 2409 479 2418">
     <span class='ocr_line' id='line_1_27' title="bbox 193 2409 479 2418; baseline 0 1092"><span class='ocrx_word' id='word_1_209' title='bbox 193 2409 479 2418; x_wconf 95' lang='lat' dir='ltr'> </span> 
     </span>
    </p>
   </div>
   <div class='ocr_carea' id='block_1_9' title="bbox 189 2478 1848 3142">
    <p class='ocr_par' dir='ltr' id='par_1_10' title="bbox 192 2478 1848 2656">
     <span class='ocr_line' id='line_1_28' title="bbox 268 2478 1846 2537; baseline 0.001 -17"><span class='ocrx_word' id='word_1_210' title='bbox 268 2486 280 2508; x_wconf 82' lang='lat'>¹</span> <span class='ocrx_word' id='word_1_211' title='bbox 331 2485 647 2523; x_wconf 85' lang='lat' dir='ltr'><strong>«Documentum</strong></span> <span class='ocrx_word' id='word_1_212' title='bbox 663 2487 738 2523; x_wconf 92' lang='lat' dir='ltr'>hoc</span> <span class='ocrx_word' id='word_1_213' title='bbox 753 2487 948 2535; x_wconf 82' lang='lat' dir='ltr'>reperitur</span> <span class='ocrx_word' id='word_1_214' title='bbox 964 2486 1005 2523; x_wconf 90' lang='lat' dir='ltr'><strong>in</strong></span> <span class='ocrx_word' id='word_1_215' title='bbox 1023 2487 1223 2523; x_wconf 90' lang='lat' dir='ltr'>volumine</span> <span class='ocrx_word' id='word_1_216' title='bbox 1241 2478 1549 2524; x_wconf 72' lang='lat' dir='ltr'><strong>Fundat-&#39;ionum</strong></span> <span class='ocrx_word' id='word_1_217' title='bbox 1562 2487 1749 2537; x_wconf 77' lang='lat' dir='ltr'>provinc.</span> <span class='ocrx_word' id='word_1_218' title='bbox 1778 2486 1846 2522; x_wconf 85' lang='lat' dir='ltr'>Ve-</span> 
     </span>
     <span class='ocr_line' id='line_1_29' title="bbox 193 2546 1848 2596; baseline -0.001 -13"><span class='ocrx_word' id='word_1_219' title='bbox 193 2548 324 2589; x_wconf 79' lang='lat' dir='ltr'>netae,</span> <span class='ocrx_word' id='word_1_220' title='bbox 342 2547 399 2582; x_wconf 84' lang='lat' dir='ltr'>ad</span> <span class='ocrx_word' id='word_1_221' title='bbox 412 2546 708 2595; x_wconf 81' lang='lat' dir='ltr'><strong><em>fundationem</em></strong></span> <span class='ocrx_word' id='word_1_222' title='bbox 731 2548 1005 2589; x_wconf 75' lang='lat' dir='ltr'>Patavinam,</span> <span class='ocrx_word' id='word_1_223' title='bbox 1024 2546 1178 2583; x_wconf 87' lang='lat' dir='ltr'><strong>docum.</strong></span> <span class='ocrx_word' id='word_1_224' title='bbox 1207 2555 1240 2583; x_wconf 92' lang='lat'>1.</span> <span class='ocrx_word' id='word_1_225' title='bbox 1266 2546 1447 2596; x_wconf 91' lang='lat' dir='ltr'><strong>Occupat</strong></span> <span class='ocrx_word' id='word_1_226' title='bbox 1470 2559 1542 2584; x_wconf 84' lang='lat' dir='ltr'>sex</span> <span class='ocrx_word' id='word_1_227' title='bbox 1564 2547 1729 2596; x_wconf 77' lang='lat' dir='ltr'>paginas</span> <span class='ocrx_word' id='word_1_228' title='bbox 1753 2547 1848 2583; x_wconf 89' lang='lat' dir='ltr'>scri-</span> 
     </span>
     <span class='ocr_line' id='line_1_30' title="bbox 192 2608 653 2656; baseline -0.002 -11"><span class='ocrx_word' id='word_1_229' title='bbox 192 2613 331 2656; x_wconf 88' lang='lat' dir='ltr'>pturae</span> <span class='ocrx_word' id='word_1_230' title='bbox 350 2608 539 2645; x_wconf 89' lang='lat' dir='ltr'><strong>minutae.</strong></span> <span class='ocrx_word' id='word_1_231' title='bbox 648 2650 653 2656; x_wconf 42' lang='lat'><em>,</em></span> 
     </span>
    </p>

    <p class='ocr_par' dir='ltr' id='par_1_11' title="bbox 189 2666 1848 3142">
     <span class='ocr_line' id='line_1_31' title="bbox 263 2666 1847 2715; baseline -0.003 -8"><span class='ocrx_word' id='word_1_232' title='bbox 263 2666 472 2707; x_wconf 82' lang='lat' dir='ltr'>Ordinatio</span> <span class='ocrx_word' id='word_1_233' title='bbox 489 2669 588 2705; x_wconf 90' lang='lat' dir='ltr'>haec</span> <span class='ocrx_word' id='word_1_234' title='bbox 603 2668 709 2705; x_wconf 80' lang='lat' dir='ltr'>facta</span> <span class='ocrx_word' id='word_1_235' title='bbox 725 2674 788 2705; x_wconf 91' lang='lat' dir='ltr'>est</span> <span class='ocrx_word' id='word_1_236' title='bbox 803 2674 895 2706; x_wconf 88' lang='lat' dir='ltr'>ante</span> <span class='ocrx_word' id='word_1_237' title='bbox 913 2667 1065 2704; x_wconf 89' lang='lat' dir='ltr'>obitum</span> <span class='ocrx_word' id='word_1_238' title='bbox 1088 2668 1268 2715; x_wconf 87' lang='lat' dir='ltr'>Magistri</span> <span class='ocrx_word' id='word_1_239' title='bbox 1284 2669 1394 2705; x_wconf 87' lang='lat' dir='ltr'>Petri</span> <span class='ocrx_word' id='word_1_240' title='bbox 1412 2668 1529 2705; x_wconf 90' lang='lat' dir='ltr'>Fabri</span> <span class='ocrx_word' id='word_1_241' title='bbox 1545 2668 1595 2706; x_wconf 90' lang='lat' dir='ltr'>de</span> <span class='ocrx_word' id='word_1_242' title='bbox 1614 2668 1756 2710; x_wconf 91' lang='lat' dir='ltr'>Hallis‚</span> <span class='ocrx_word' id='word_1_243' title='bbox 1775 2668 1847 2704; x_wconf 89' lang='lat' dir='ltr'>Pa-</span> 
     </span>
     <span class='ocr_line' id='line_1_32' title="bbox 191 2728 1846 2778; baseline -0.001 -13"><span class='ocrx_word' id='word_1_244' title='bbox 191 2729 291 2766; x_wconf 79' lang='lat' dir='ltr'>tavii</span> <span class='ocrx_word' id='word_1_245' title='bbox 305 2728 498 2776; x_wconf 82' lang='lat' dir='ltr'><strong>defuncti,</strong></span> <span class='ocrx_word' id='word_1_246' title='bbox 522 2735 564 2766; x_wconf 88' lang='lat' dir='ltr'>et</span> <span class='ocrx_word' id='word_1_247' title='bbox 580 2735 670 2778; x_wconf 92' lang='lat' dir='ltr'>post</span> <span class='ocrx_word' id='word_1_248' title='bbox 693 2730 908 2767; x_wconf 87' lang='lat' dir='ltr'><strong>adventum</strong></span> <span class='ocrx_word' id='word_1_249' title='bbox 932 2731 977 2766; x_wconf 89' lang='lat' dir='ltr'>P.</span> <span class='ocrx_word' id='word_1_250' title='bbox 1003 2729 1148 2778; x_wconf 91' lang='lat' dir='ltr'>Elpidii</span> <span class='ocrx_word' id='word_1_251' title='bbox 1171 2731 1371 2777; x_wconf 90' lang='lat' dir='ltr'>Ugoletti‚</span> <span class='ocrx_word' id='word_1_252' title='bbox 1398 2735 1438 2766; x_wconf 93' lang='lat' dir='ltr'>et</span> <span class='ocrx_word' id='word_1_253' title='bbox 1461 2729 1603 2766; x_wconf 91' lang='lat' dir='ltr'>studiis</span> <span class='ocrx_word' id='word_1_254' title='bbox 1626 2729 1846 2765; x_wconf 89' lang='lat' dir='ltr'>litterarum</span> 
     </span>
     <span class='ocr_line' id='line_1_33' title="bbox 190 2789 1847 2839; baseline -0.001 -12"><span class='ocrx_word' id='word_1_255' title='bbox 190 2790 464 2827; x_wconf 85' lang='lat' dir='ltr'>humaniorum</span> <span class='ocrx_word' id='word_1_256' title='bbox 494 2790 750 2828; x_wconf 87' lang='lat' dir='ltr'><strong>incumbente</strong></span> <span class='ocrx_word' id='word_1_257' title='bbox 780 2791 900 2827; x_wconf 87' lang='lat' dir='ltr'>Petro</span> <span class='ocrx_word' id='word_1_258' title='bbox 922 2791 1200 2828; x_wconf 87' lang='lat' dir='ltr'>Ribadeneira.</span> <span class='ocrx_word' id='word_1_259' title='bbox 1227 2790 1353 2839; x_wconf 88' lang='lat' dir='ltr'><strong>Igitur</strong></span> <span class='ocrx_word' id='word_1_260' title='bbox 1376 2802 1465 2827; x_wconf 90' lang='lat' dir='ltr'><strong>cum</strong></span> <span class='ocrx_word' id='word_1_261' title='bbox 1489 2790 1511 2826; x_wconf 90' lang='lat'>8</span> <span class='ocrx_word' id='word_1_262' title='bbox 1541 2789 1727 2829; x_wconf 87' lang='lat' dir='ltr'>Octobris</span> <span class='ocrx_word' id='word_1_263' title='bbox 1754 2798 1847 2836; x_wconf 84' lang='lat'>1545</span> 
     </span>
     <span class='ocr_line' id='line_1_34' title="bbox 189 2850 1844 2899; baseline -0.001 -12"><span class='ocrx_word' id='word_1_264' title='bbox 189 2850 315 2887; x_wconf 86' lang='lat' dir='ltr'>Roma</span> <span class='ocrx_word' id='word_1_265' title='bbox 331 2850 539 2887; x_wconf 88' lang='lat' dir='ltr'>Patavium</span> <span class='ocrx_word' id='word_1_266' title='bbox 558 2851 703 2887; x_wconf 89' lang='lat' dir='ltr'>iverint</span> <span class='ocrx_word' id='word_1_267' title='bbox 720 2851 898 2899; x_wconf 91' lang='lat' dir='ltr'>Elpidius</span> <span class='ocrx_word' id='word_1_268' title='bbox 921 2856 962 2887; x_wconf 90' lang='lat' dir='ltr'>et</span> <span class='ocrx_word' id='word_1_269' title='bbox 979 2851 1257 2897; x_wconf 84' lang='lat' dir='ltr'>Ribadeneira,</span> <span class='ocrx_word' id='word_1_270' title='bbox 1282 2850 1328 2888; x_wconf 88' lang='lat'>23</span> <span class='ocrx_word' id='word_1_271' title='bbox 1350 2850 1540 2889; x_wconf 89' lang='lat' dir='ltr'>Octobris</span> <span class='ocrx_word' id='word_1_272' title='bbox 1567 2851 1661 2887; x_wconf 90' lang='lat' dir='ltr'>illuc</span> <span class='ocrx_word' id='word_1_273' title='bbox 1684 2851 1844 2898; x_wconf 88' lang='lat' dir='ltr'>appule-</span> 
     </span>
     <span class='ocr_line' id='line_1_35' title="bbox 189 2910 1846 2960; baseline -0.001 -13"><span class='ocrx_word' id='word_1_274' title='bbox 189 2910 284 2958; x_wconf 82' lang='lat' dir='ltr'><strong>rint,</strong></span> <span class='ocrx_word' id='word_1_275' title='bbox 302 2915 344 2947; x_wconf 90' lang='lat' dir='ltr'>et</span> <span class='ocrx_word' id='word_1_276' title='bbox 360 2911 465 2958; x_wconf 83' lang='lat' dir='ltr'>Mag.</span> <span class='ocrx_word' id='word_1_277' title='bbox 485 2911 627 2947; x_wconf 89' lang='lat' dir='ltr'>Petrus</span> <span class='ocrx_word' id='word_1_278' title='bbox 646 2912 773 2948; x_wconf 87' lang='lat' dir='ltr'>Faber</span> <span class='ocrx_word' id='word_1_279' title='bbox 790 2912 934 2948; x_wconf 84' lang='lat' dir='ltr'>obierit</span> <span class='ocrx_word' id='word_1_280' title='bbox 950 2923 974 2958; x_wconf 93' lang='lat'>9</span> <span class='ocrx_word' id='word_1_281' title='bbox 992 2911 1140 2960; x_wconf 87' lang='lat' dir='ltr'>Aprilis</span> <span class='ocrx_word' id='word_1_282' title='bbox 1161 2911 1266 2958; x_wconf 86' lang='lat'>1548,</span> <span class='ocrx_word' id='word_1_283' title='bbox 1281 2911 1430 2948; x_wconf 89' lang='lat' dir='ltr'>ultimis</span> <span class='ocrx_word' id='word_1_284' title='bbox 1445 2911 1702 2948; x_wconf 89' lang='lat' dir='ltr'>sacramentis</span> <span class='ocrx_word' id='word_1_285' title='bbox 1721 2910 1846 2947; x_wconf 89' lang='lat' dir='ltr'><strong>muni—</strong></span> 
     </span>
     <span class='ocr_line' id='line_1_36' title="bbox 190 2971 1848 3019; baseline -0.001 -11"><span class='ocrx_word' id='word_1_286' title='bbox 190 2975 270 3017; x_wconf 86' lang='lat' dir='ltr'>tus;</span> <span class='ocrx_word' id='word_1_287' title='bbox 300 2971 444 3008; x_wconf 88' lang='lat' dir='ltr'>Petrus</span> <span class='ocrx_word' id='word_1_288' title='bbox 472 2977 606 3008; x_wconf 90' lang='lat' dir='ltr'><strong>autem</strong></span> <span class='ocrx_word' id='word_1_289' title='bbox 629 2972 895 3008; x_wconf 88' lang='lat' dir='ltr'>Ribadeneira</span> <span class='ocrx_word' id='word_1_290' title='bbox 916 2980 958 3018; x_wconf 85' lang='lat'>17</span> <span class='ocrx_word' id='word_1_291' title='bbox 982 2972 1187 3009; x_wconf 88' lang='lat' dir='ltr'>Februarii</span> <span class='ocrx_word' id='word_1_292' title='bbox 1214 2972 1306 3019; x_wconf 80' lang='grc'>1546</span> <span class='ocrx_word' id='word_1_293' title='bbox 1329 2972 1511 3009; x_wconf 88' lang='lat' dir='ltr'><strong>laudetur</strong></span> <span class='ocrx_word' id='word_1_294' title='bbox 1536 2984 1558 3007; x_wconf 92' lang='lat' dir='ltr'>a</span> <span class='ocrx_word' id='word_1_295' title='bbox 1577 2972 1618 3008; x_wconf 93' lang='lat' dir='ltr'>S.</span> <span class='ocrx_word' id='word_1_296' title='bbox 1644 2973 1689 3008; x_wconf 91' lang='lat' dir='ltr'>P.</span> <span class='ocrx_word' id='word_1_297' title='bbox 1716 2972 1765 3007; x_wconf 92' lang='lat' dir='ltr'>N.</span> <span class='ocrx_word' id='word_1_298' title='bbox 1795 2972 1848 3006; x_wconf 91' lang='lat' dir='ltr'>ob</span> 
     </span>
     <span class='ocr_line' id='line_1_37' title="bbox 190 3031 1846 3080; baseline -0.001 -12"><span class='ocrx_word' id='word_1_299' title='bbox 190 3041 444 3079; x_wconf 80' lang='lat' dir='ltr'>progressum</span> <span class='ocrx_word' id='word_1_300' title='bbox 458 3031 499 3068; x_wconf 87' lang='lat' dir='ltr'><strong>in</strong></span> <span class='ocrx_word' id='word_1_301' title='bbox 511 3031 670 3080; x_wconf 87' lang='lat' dir='ltr'>litteris,</span> <span class='ocrx_word' id='word_1_302' title='bbox 685 3032 726 3068; x_wconf 90' lang='lat' dir='ltr'>in</span> <span class='ocrx_word' id='word_1_303' title='bbox 739 3032 908 3080; x_wconf 88' lang='lat' dir='ltr'>epistola</span> <span class='ocrx_word' id='word_1_304' title='bbox 921 3032 970 3068; x_wconf 87' lang='lat' dir='ltr'>ad</span> <span class='ocrx_word' id='word_1_305' title='bbox 983 3032 1158 3069; x_wconf 88' lang='lat' dir='ltr'>nobilem</span> <span class='ocrx_word' id='word_1_306' title='bbox 1166 3032 1293 3069; x_wconf 89' lang='lat' dir='ltr'><strong>virum</strong></span> <span class='ocrx_word' id='word_1_307' title='bbox 1308 3031 1434 3078; x_wconf 89' lang='lat' dir='ltr'>Ortiz;</span> <span class='ocrx_word' id='word_1_308' title='bbox 1450 3038 1491 3068; x_wconf 90' lang='lat' dir='ltr'>et</span> <span class='ocrx_word' id='word_1_309' title='bbox 1508 3032 1663 3079; x_wconf 83' lang='grc'>1546-48</span> <span class='ocrx_word' id='word_1_310' title='bbox 1677 3031 1846 3079; x_wconf 87' lang='lat' dir='ltr'>philoso-</span> 
     </span>
     <span class='ocr_line' id='line_1_38' title="bbox 190 3089 1847 3142; baseline 0 -16"><span class='ocrx_word' id='word_1_311' title='bbox 190 3089 321 3139; x_wconf 84' lang='lat' dir='ltr'>phiae,</span> <span class='ocrx_word' id='word_1_312' title='bbox 343 3090 499 3138; x_wconf 84' lang='lat'>1548-49</span> <span class='ocrx_word' id='word_1_313' title='bbox 515 3091 654 3128; x_wconf 88' lang='lat' dir='ltr'>decem</span> <span class='ocrx_word' id='word_1_314' title='bbox 670 3103 827 3128; x_wconf 89' lang='lat' dir='ltr'>menses</span> <span class='ocrx_word' id='word_1_315' title='bbox 841 3092 1063 3139; x_wconf 88' lang='lat' dir='ltr'>theologiae</span> <span class='ocrx_word' id='word_1_316' title='bbox 1077 3091 1287 3138; x_wconf 79' lang='lat' dir='ltr'>studuerit3</span> <span class='ocrx_word' id='word_1_317' title='bbox 1302 3093 1400 3128; x_wconf 82' lang='lat' dir='ltr'>haec¹</span> <span class='ocrx_word' id='word_1_318' title='bbox 1413 3092 1608 3128; x_wconf 86' lang='lat' dir='ltr'>ordinatio</span> <span class='ocrx_word' id='word_1_319' title='bbox 1621 3091 1847 3142; x_wconf 89' lang='lat' dir='ltr'>reponenda</span> 
     </span>
    </p>
   </div>
  </div>
 </body>
</html>
