2196 3548
936 258 1015 295 AN.
1047 259 1138 304 1548
1791 265 1863 311 573

206 358 299 404 mia
318 359 364 403 lo
385 373 444 417 po
465 372 727 404 conoscere.
756 360 814 403 Et
835 359 1012 413 adesso,
1038 359 1174 404 etiam
1196 363 1281 406 che
1299 362 1341 405 la
1357 376 1465 406 cosa
1486 371 1643 408 nostra
1659 366 1726 409 sia
1744 367 1789 423 (Ρ)
1813 367 1859 410 111

206 443 358 495 porto,
383 451 476 481 non
497 451 556 480 ne
579 435 722 480 saccio
743 443 880 480 conto
902 437 1068 480 alcuno
1089 437 1135 480 di
1157 439 1326 482 acordo
1349 454 1408 483 ne
1429 440 1560 492 altr0,
1586 444 1754 497 perche
1776 459 1860 486 an-

207 528 288 559 cor
307 513 352 560 io
373 513 476 559 dico
497 520 544 558 et
564 513 789 558 confirmo
810 515 896 557 che
917 513 1116 571 bisogna
1136 514 1218 558 dar
1240 516 1282 558 al
1305 515 1474 573 Signor
1502 518 1644 574 gratis
1673 526 1719 562 et
1746 519 1863 564 libe-

208 598 428 636 ramente.
453 592 512 635 Et
533 590 572 635 si
593 605 686 634 non
707 591 834 635 fusse
856 604 936 648 per
958 592 1102 635 hauer
1123 598 1290 647 questo
1316 593 1422 636 loco
1451 593 1602 638 vicino
1633 595 1776 640 libero
1804 598 1863 641 da

209 669 279 714 far
298 669 330 712 1’
353 669 472 713 altro
501 667 737 726 Collegio,
767 674 814 712 et
841 669 1010 724 perche
1037 667 1069 711 li
1098 667 1187 712 mei
1215 669 1388 725 posteri
1417 671 1617 727 presenti
1644 680 1690 716 et
1720 673 1861 717 futuri

205 746 418 791 debbano
438 761 564 791 amar
580 753 628 790 et
642 760 754 790 auer
769 745 1027 790 reuerentia
1049 746 1137 789 alla
1152 761 1236 790 sua
1252 747 1644 804 Congregatione,
1666 757 1713 793 et
1729 765 1861 806 prae-

207 822 342 881 cipue
362 822 490 868 accio
517 823 549 867 il
576 829 758 880 nepote,
791 822 923 867 Prior
951 823 1133 876 futuro,
1165 823 1332 868 habbia
1360 825 1438 880 qui
1467 839 1622 881 presso
1652 826 1716 870 lui
1744 828 1862 872 santi

206 899 406 946 costumi
427 907 474 946 et
493 901 651 946 buone
671 901 836 954 letere,
861 915 952 944 non
983 900 1094 945 farei
1122 899 1354 946 mentione
1376 902 1632 947 altrimente
1660 905 1718 948 de
1749 905 1863 949 altra

205 993 316 1026 cosa
337 980 482 1037 (corne
502 975 626 1023 (11110
647 979 726 1035 qui
747 978 886 1036 sotto)
908 993 983 1022 ma
1010 993 1090 1035 per
1118 977 1226 1022 tutti
1254 979 1406 1036 questi
1432 980 1577 1024 buoni
1605 988 1651 1025 et
1678 982 1865 1026 honesti

205 1055 384 1115 rispetti
405 1057 464 1102 V.
490 1058 544 1101 P.
570 1055 701 1114 pensi
723 1057 918 1113 qualche
939 1056 1054 1100 altra
1069 1070 1196 1110 cosa,
1217 1057 1320 1101 chel
1336 1057 1513 1101 fratello
1535 1066 1747 1114 presente
1769 1067 1815 1103 et
1832 1059 1863 1102 11

205 1133 375 1192 posteri
396 1149 446 1180 se
467 1133 749 1187 contentino,
774 1135 948 1191 purche
969 1148 1063 1177 non
1084 1149 1135 1178 se
1161 1133 1193 1177 li
1214 1134 1290 1178 dia
1318 1135 1361 1179 le
1387 1135 1612 1191 pensioni,
1637 1151 1711 1180 ma
1732 1151 1868 1182 come

204 1212 325 1259 saria
345 1213 540 1270 qualche
560 1213 676 1258 altra
695 1227 818 1266 cosa,
844 1213 1045 1257 secondo
1066 1211 1098 1255 li
1119 1212 1304 1269 capitoli
1321 1214 1407 1257 che
1428 1212 1460 1255 11
1477 1213 1658 1258 mandai
1675 1215 1718 1259 al
1735 1214 1862 1272 prin-

203 1289 339 1348 cipio,
363 1291 550 1348 quando
571 1289 604 1334 il
625 1289 737 1334 R.d0
759 1291 940 1347 Laynes
961 1296 1008 1334 et
1035 1290 1273 1335 Salmeron
1299 1305 1440 1335 erano
1467 1305 1494 1334 a
1522 1291 1726 1336 Padoua.
1760 1292 1865 1337 Che

203 1381 314 1412 cosa
333 1382 410 1412 mo
432 1367 477 1412 io
497 1367 668 1420 uorria,
693 1373 857 1423 questo
877 1381 972 1411 non
987 1381 1040 1411 so
1057 1374 1337 1421 ueramente,
1357 1383 1432 1412 ma
1447 1368 1492 1411 lo
1506 1369 1628 1412 lasso
1646 1369 1734 1412 alla
1749 1384 1860 1426 pru-

201 1444 359 1490 dentia
378 1451 426 1490 et
446 1444 616 1502 Spirito
638 1445 735 1490 Sto.
762 1445 849 1488 che
870 1445 896 1488 e
918 1443 966 1487 in
983 1445 1041 1489 V.
1064 1446 1139 1499 R.;
1159 1452 1205 1489 et
1222 1451 1345 1489 tutto
1362 1446 1516 1501 quello
1534 1447 1621 1489 che
1638 1445 1669 1489 il
1691 1446 1862 1504 Signor

202 1522 248 1567 la
267 1521 456 1580 spirata,
481 1524 584 1566 sara
605 1521 852 1566 benissimo
880 1521 1011 1565 fatto.
1045 1521 1184 1567 Siche
1213 1522 1357 1566 faccia
1377 1522 1453 1575 lei,
1479 1524 1565 1566 che
1592 1523 1639 1566 in
1663 1530 1783 1568 tutto
1813 1524 1865 1568 io

203 1598 267 1644 mi
286 1599 475 1658 riporto.
501 1601 560 1644 Et
581 1615 631 1644 se
650 1598 682 1642 li
703 1613 888 1656 paresse
908 1599 967 1643 de
987 1599 1132 1644 dirme
1154 1599 1233 1657 piu
1254 1600 1313 1644 (10
1334 1615 1399 1643 1111
1420 1600 1587 1656 partito
1611 1601 1653 1657 (o
1677 1616 1758 1646 uer
1780 1617 1867 1659 per

203 1676 276 1721 dir
309 1677 494 1736 meglio)
522 1677 570 1721 d'
593 1691 659 1720 un
695 1684 828 1734 grato
861 1683 908 1721 et
935 1676 1176 1722 caritatiuo
1204 1684 1432 1735 presente,
1466 1680 1633 1735 perche
1661 1679 1739 1735 qui
1767 1695 1860 1725 non

146 1785 151 1788 -
204 1756 253 1801 u'
295 1756 323 1800 e
367 1742 650 1814 obligatione
685 1755 866 1809 alcuna,
905 1754 950 1799 io
987 1754 1065 1812 poi
1102 1754 1320 1814 ellegeria
1353 1764 1525 1812 quanto
1557 1771 1630 1801 me
1663 1756 1866 1814 spirasse.

201 1833 300 1880 Sua
320 1835 497 1879 Maesta
517 1832 687 1877 diuina.

291 1911 351 1956 Et
370 1912 538 1969 perche
560 1910 592 1954 il
613 1910 725 1955 R.d0
748 1911 928 1968 Laynes
949 1925 1023 1955 me
1052 1910 1202 1955 scriue
1234 1925 1315 1968 per
1334 1911 1380 1955 13
1401 1911 1546 1968 prima
1574 1914 1661 1956 che
1687 1912 1733 1956 io
1766 1928 1864 1958 non

198 1988 564 2035 communicasse
589 1989 636 2032 la
656 2003 767 2033 cosa
787 2003 876 2033 con
904 1987 1049 2041 molti,
1074 1987 1174 2033 cioe
1202 1989 1355 2045 quello
1387 1990 1436 2034 S.
1464 1991 1517 2033 P.
1544 2004 1617 2033 me
1647 1989 1810 2034 diceua
1832 2007 1860 2035 a

199 2074 331 2125 parte
356 2068 444 2112 che
469 2066 622 2111 alcuni
651 2065 876 2110 diceuano
904 2066 962 2110 de
993 2065 1220 2123 symonia,
1251 2080 1368 2120 ecc.‚
1402 2067 1500 2111 cosi
1528 2069 1591 2111 ho
1621 2068 1751 2121 fatto,
1783 2083 1857 2112 ma

198 2143 262 2189 mi
281 2143 484 2202 dispiace
511 2145 598 2188 che
624 2145 676 2188 F.
710 2143 960 2201 Angelino,
986 2143 1191 2198 eremita,
1258 2158 1305 2188 er
1334 2151 1496 2200 queste
1523 2146 1582 2188 da
1603 2145 1752 2203 hoggi
1783 2161 1864 2190 me

198 2221 351 2266 scriue
370 2222 429 2267 de
450 2228 614 2278 questa
633 2220 870 2278 pensione,
896 2221 939 2264 al
961 2221 1096 2277 quale
1117 2220 1337 2278 rispondo
1353 2224 1440 2266 che
1462 2222 1608 2266 taccia
1631 2229 1677 2267 et
1698 2239 1793 2268 non
1810 2225 1857 2268 lo

197 2299 303 2344 dica
338 2314 367 2344 a
401 2313 615 2357 persona,
655 2306 702 2342 et
729 2299 824 2342 cosi
846 2297 878 2341 li
908 2298 1004 2343 fara
1030 2297 1270 2343 intendere
1305 2300 1350 2344 la
1381 2302 1431 2344 P.
1466 2302 1544 2353 V.,
1571 2302 1739 2357 perche
1761 2317 1857 2346 non

201 2376 364 2436 uoglio
385 2378 472 2421 che
491 2377 536 2420 la
557 2390 668 2420 cosa
690 2375 826 2420 uaddi
848 2376 936 2420 alle
958 2375 1143 2420 orechie
1163 2376 1238 2420 del
1238 2378 1435 2450 fratello
1458 2392 1517 2422 ne
1538 2379 1583 2421 d’
1609 2378 1711 2422 altri
1732 2379 1858 2434 suoi,

201 2469 297 2500 non
320 2454 522 2499 uolendo
559 2453 607 2497 io
634 2468 685 2498 se
711 2453 825 2510 parli
857 2453 916 2497 de
951 2452 1191 2510 pensione,
1222 2455 1400 2499 benche
1433 2455 1464 2498 il
1494 2458 1546 2500 P.
1575 2457 1755 2513 Laynes
1783 2472 1857 2501 me

199 2531 303 2578 dice
322 2532 442 2577 nelle
469 2545 553 2575 sue
573 2532 660 2575 che
688 2530 734 2574 io
765 2530 830 2588 gli
852 2530 962 2574 dissi
985 2531 1064 2587 qui
1091 2533 1177 2576 che
1197 2531 1458 2590 bisognaua
1478 2535 1621 2578 1131101
1643 2519 1856 2592 compas-

201 2610 331 2656 sione
350 2610 439 2655 alla
459 2608 691 2654 infermita
710 2609 785 2677 (101
807 2608 1000 2662 fratello,
1025 2593 1122 2653 ecc.
1149 2597 1187 2654 ΪΞ
1210 2624 1337 2664 11010,
1363 2626 1438 2654 1113
1465 2627 1558 2655 11011
1579 2613 1622 2656 10
1645 2612 1755 2657 dissi
1777 2628 1864 2670 per

200 2702 342 2734 causa
361 2703 421 2734 ne
441 2688 500 2732 de
519 2686 740 2745 pensione
760 2701 820 2730 110
840 2686 886 2729 d'
911 2686 1026 2730 altra
1041 2700 1150 2730 cosa
1165 2686 1383 2745 ingiusta,
1404 2704 1478 2732 ma
1494 2691 1579 2734 che
1596 2689 1635 2733 si
1652 2697 1856 2735 trovasse

199 2766 396 2824 qualche
415 2764 606 2810 timedio
628 2764 780 2808 sicuro
801 2778 883 2821 per
914 2770 1059 2808 meter
1079 2778 1192 2821 pace
1213 2772 1260 2809 et
1281 2780 1362 2823 per
1388 2766 1556 2810 ottenir
1584 2767 1615 2810 il
1642 2783 1857 2825 possesso

135 2856 142 2864 ·
201 2844 461 2902 (credendo,
491 2851 544 2887 ut
580 2857 734 2900 supra,
767 2841 902 2896 ecc.‚)
941 2842 1109 2898 perche
1136 2841 1201 2886 lui
1232 2857 1325 2887 non
1361 2845 1422 2887 ha
1458 2844 1574 2888 altro
1601 2845 1740 2899 lume,
1781 2861 1856 2890 rna

199 2936 335 2980 spero
354 2946 415 2954 —
434 2946 494 2954 —
515 2946 575 2953 —
595 2921 681 2964 che
702 2919 734 2962 il
751 2918 923 2976 Signor
943 2917 1081 2975 glielo
1102 2919 1214 2964 (1313
1233 2926 1281 2964 et
1300 2922 1360 2965 ha
1377 2921 1454 2978 gia
1475 2922 1757 2967 comenciato
1774 2938 1861 2980 per·

200 3013 286 3044 sua
306 2998 471 3058 gratia,
496 3012 592 3043 ecc.
621 2997 797 3042 Perche
818 2996 861 3040 el
883 2996 960 3039 uol
981 2996 1171 3040 mandar
1191 3012 1219 3042 a
1246 3004 1340 3042 star
1361 2998 1407 3042 in
1438 2999 1627 3043 Padoua
1656 3007 1724 3044 tra
1751 3000 1853 3044 suoi

199 3075 396 3135 figliuoli
417 3075 449 3120 il
470 3082 627 3120 nostro
648 3081 835 3132 nepote,
860 3075 945 3117 che
967 3072 1048 3130 pe’r
1074 3073 1226 3118 alcuni
1255 3074 1432 3133 rispetti
1461 3091 1556 3120 non
1588 3084 1753 3121 stanno
1775 3077 1854 3134 piu
