2196 3548
374 259 398 293 8
1035 268 1093 302 «AD
1119 265 1341 297 naci-*onum

373 359 492 405 circa
514 374 584 409 res
606 360 677 403 vel
704 374 933 416 personas,
959 357 1162 415 quamvis
1190 371 1363 408 verum,
1394 355 1787 412 promatur„squod
1813 355 2004 423 aut··-bo3

374 463 476 491 nam
504 449 769 504 cujusquam
798 446 1169 491 existimationem
1203 445 1367 497 laedat,
1406 450 1486 487 aut
1520 442 1767 499 quamlibet
1799 456 2004 510 conque5

375 535 500 582 rendi
522 551 703 597 causam
728 537 952 593 praebeat.
984 537 1033 579 In
1061 534 1280 591 Epistolis
1306 533 1470 576 Mixtis
1495 532 1632 588 longe
1659 531 1747 576 alia
1773 531 1887 586 ratio
1911 538 1999 599 est,

373 625 473 670 Hae
494 623 669 668 litterae
690 626 953 681 plerumque
968 630 1074 667 sunt
1089 628 1305 666 secretae.
1331 622 1524 668 Secreto¹
1538 619 1678 677 igitur
1696 619 2003 687 Provinciales

372 726 474 756 cum
496 713 724 766 Generali,
750 713 1012 770 Superiores
1034 711 1110 754 imi
1130 726 1233 755 curn
1255 724 1431 754 summo
1457 710 1720 768 loquuntur,
1750 722 1816 765 ex,
1833 723 1924 765 quo
1939 709 2003 766 ⁴fit

375 808 424 847 ut
460 800 506 843 in
543 801 666 845 hisce
701 801 983 850 documentis
1018 800 1218 843 intimam
1256 797 1494 844 Societatis
1524 796 1833 854 historiamveg
1861 797 2004 855 veluti

373 889 545 933 viscera
566 890 850 947 negotiorum
872 890 1142 932 intueamur.

462 981 531 1022 Ac
553 978 744 1035 primum
766 994 1056 1035 personarum
1078 978 1249 1035 plenior
1274 976 1475 1033 cognitio
1502 990 1559 1020 ex
1585 975 1656 1019 his
1682 975 1845 1027 litteris
1869 966 2017 1021 erue-¹

374 1074 461 1108 tur.
497 1067 725 1109 Interdum
753 1067 870 1110 enim
899 1066 982 1123 ipsi
1010 1065 1247 1111 Societatis
1274 1064 1353 1108 filii
1380 1063 1556 1121 Ignatio
1581 1063 1774 1115 candide
1799 1062 2002 1120 proprios

372 1153 579 1212 aperiunt
599 1155 819 1207 defectus,
845 1155 918 1211 pia
937 1154 1158 1198 desideria
1179 1154 1451 1210 significant,
1475 1152 1766 1196 difficultates
1787 1151 1999 1207 innuunt,

369 1249 508 1297 atque
543 1244 600 1285 ab
637 1243 942 1286 amantissimo
977 1243 1110 1286 simul
1146 1250 1191 1286 et
1221 1241 1569 1299 prudentissimo
1601 1243 1738 1293 Patre
1766 1241 1933 1284 lumen·
1954 1246 2002 1285 et

370 1307 508 1375 robur
529 1331 786 1386 exquirunt.
813 1331 938 1375 Alias
960 1331 1173 1387 Superior
1193 1331 1354 1374 domus
1375 1331 1432 1373 de
1453 1329 1737 1373 subditorum
1758 1328 2002 1383 virtutibus

369 1425 416 1461 et
447 1418 698 1462 defectibus
729 1419 954 1476 Ignatium
986 1419 1157 1462 edocet.
1194 1419 1359 1462 Videas
1386 1434 1430 1461 V.
1461 1433 1509 1475 g.
1541 1418 1773 1461 Andream
1805 1415 1999 1474 Oviedo,

371 1508 608 1550 Rectorem
631 1507 823 1564 Collegii
845 1507 1131 1560 Gandiensis,
1156 1507 1438 1551 subditorum
1459 1507 1717 1563 catalogum
1739 1521 1860 1550 anno
1891 1515 2002 1562 1547

371 1601 539 1647 texere,
571 1603 616 1638 et
643 1596 700 1638 de
727 1596 949 1652 cujusque
975 1596 1156 1649 virtute,
1187 1596 1386 1653 ingenio,
1419 1595 1638 1649 doctrina,
1654 1595 1920 1652 vaptitudine
1945 1595 2004 1664 ad

369 1690 524 1726 nostra
545 1683 790 1727 ministeria
811 1684 1144 1727 accuratissime
1166 1684 1457 1741 perscribere.
1484 1684 1561 1729 Sic
1577 1683 1725 1736 Miron,
1740 1685 1798 1728 de
1814 1683 2002 1739 Conim—

370 1771 666 1824 bricensibus,
690 1775 952 1816 Domenech
972 1774 1029 1815 de
1052 1773 1280 1825 Parisinis,
1301 1774 1459 1816 Kessel
1479 1774 1537 1816 de
1558 1772 1905 1818 Coloniensibus
1923 1787 1994 1817 so-

367 1859 449 1902 ciis
466 1861 684 1915 quaedam
702 1860 883 1918 cognitu
894 1861 1221 1916 jucundissima
1236 1869 1434 1905 narrant.
1456 1863 1553 1906 Nec
1568 1862 1714 1906 solum
1735 1861 2002 1919 Superiores

364 1948 426 1996 de
446 1948 658 2002 subditis3
684 1948 909 1992 interdum
932 1956 977 1992 et
998 1949 1165 1992 subditi
1185 1950 1243 1993 de
1265 1950 1582 2006 Superioribus
1602 1951 1866 2006 loquuntur,
1885 1965 2001 2007 quo—

369 2035 453 2078 ties
474 2050 635 2092 nempe
658 2037 860 2093 Ignatius
881 2053 907 2080 a
923 2038 1141 2094 primariis
1158 2046 1203 2080 et
1219 2046 1353 2082 notae
1368 2038 1634 2095 prudentiae
1655 2038 1763 2082 viris
1777 2037 1999 2095 judicium

362 2124 424 2166 de
447 2125 780 2167 Moderatorum
803 2125 1022 2182 regimine
1043 2126 1320 2181 exquirebat.
1342 2127 1418 2173 Sic
1435 2127 1579 2182 qualis
1596 2134 1884 2183 quantusque
1901 2127 2003 2171 fue—

368 2212 426 2254 rit
447 2212 617 2268 primus
641 2213 933 2256 Provincialis
956 2191 1181 2267 Baeticae,
1206 2217 1376 2259 Doctor
1398 2218 1577 2268 Torres,
1603 2223 1649 2259 et
1669 2215 1804 2260 simul
1824 2215 1934 2271 quid
1954 2215 2001 2259 in

367 2300 466 2355 ejus
487 2299 671 2356 ingenio
691 2301 1037 2354 desideraretur,
1063 2317 1118 2344 ex
1139 2302 1298 2347 litteris
1321 2304 1509 2347 Antonii
1524 2305 1582 2347 de
1598 2305 1812 2348 Corduba
1832 2303 2001 2361 optime

369 2388 680 2444 perspicimus.

458 2478 626 2533 Magna
662 2492 974 2533 personarum,
1014 2480 1094 2522 sed
1130 2481 1270 2535 major
1296 2482 1582 2538 negotiorum
1615 2482 1775 2526 notitia
1806 2497 1864 2526 ex
1889 2481 1999 2539 Epi—

366 2564 493 2607 stolis
516 2564 667 2608 Mixtis
689 2565 905 2622 capietur.
933 2568 999 2610 Ex
1021 2567 1106 2610 illis
1132 2567 1386 2625 intelligent
1406 2569 1603 2627 hispani,
1635 2571 1800 2627 quibus
1826 2570 2001 2618 machi<

366 2651 437 2694 nis
475 2652 801 2696 Exercitiorum
837 2654 950 2697 liber
986 2654 1293 2710 impeteretur,
1333 2671 1503 2712 quasve
1543 2658 1908 2715 oppugnationes
1942 2659 2001 2702 ab

368 2740 623 2786 hominibus
660 2741 853 2784 subinde
888 2743 1142 2799 conspicuis
1178 2744 1381 2788 Societas
1416 2753 1571 2790 nostra
1611 2754 1857 2803 pateretur.
1902 2747 2002 2790 Ha-

367 2829 476 2871 bent
496 2829 679 2872 lusitani
702 2829 876 2872 felicem
904 2845 1013 2873 suae
1042 2832 1306 2875 Provinciae
1327 2835 1412 2876 sub
1428 2834 1615 2892 Joannis
1636 2837 1696 2879 III
1723 2836 1865 2879 tutela
1890 2835 2002 2879 ado.-

358 2916 625 2960 lescentiam
664 2924 709 2960 et
744 2917 1017 2974 periculosas
1053 2919 1216 2962 deinde
1251 2920 1598 2966 vicissitudines.
1637 2923 1871 2967 Videbunt
1906 2922 2000 2967 itali

361 3019 601 3060 operosam
639 3005 888 3048 animarum
920 3007 1143 3050 culturam
1176 3014 1221 3049 et
1248 3007 1364 3051 inter
1391 3009 1644 3053 invidorum
1671 3011 1919 3055 calumnias
1950 3018 1999 3055 et
