2190 3510
967 486 1035 528 111

621 601 891 647 CODICES
924 601 1110 646 MANU
1142 602 1384 646 SCRIPTI

496 729 591 768 QUI
632 729 688 759 IN
727 728 835 759 HOC
874 727 1171 758 VOLUMINE
1211 728 1503 759 CITANTUR

242 828 479 866 Notandum
497 831 554 865 est
570 829 720 865 codices
737 827 857 876 infra
880 827 1171 869 describendos,
1184 827 1422 874 fasciculo&
1448 829 1638 876 epistolas
1660 833 1697 879 at
1711 829 1825 877 folia

171 900 302 939 manu
317 890 484 937 scripta,
503 900 677 936 quorum
690 891 769 935 per
781 889 852 924 hoc
864 890 965 936 opus
977 887 1129 923 mentio
1139 887 1207 936 fit,
1222 899 1478 934 nequaquam
1494 889 1634 924 omnia
1650 901 1729 924 uno
1743 890 1827 925 loco

170 961 252 987 me
268 949 446 1002 collecta,
463 950 532 986 sed
548 949 595 985 in
610 949 783 986 diversis
799 948 1020 984 variarum
1038 951 1249 983 terrarum
1281 948 1500 984 tabulariis
1523 951 1560 984 et
1585 949 1827 986 bibliothecis

172 1020 391 1046 asservan.

114 1163 118 1167 ·
271 1139 310 1174 1.
373 1129 532 1174 Codex
556 1130 637 1183 A.,
656 1128 753 1172 sive
775 1127 1000 1185 princeps.
1022 1127 1159 1173 Liber
1182 1127 1229 1170 in
1248 1128 1322 1180 f.⁰,
1343 1129 1630 1183 chartaceus,
1655 1128 1729 1172 cui
1753 1129 1825 1172 in-

173 1188 363 1247 sim-iptio
386 1202 547 1234 recens
569 1188 617 1232 in
643 1196 791 1245 tergo·
821 1189 1126 1234 «EPISTOL.
1157 1186 1165 1246 Ι
1193 1188 1450 1232 ΜΙΧΤΑΕ.
1483 1187 1489 1246 Ι
1524 1190 1812 1247 1539-1548.)
1803 1208 1821 1229 »

174 1248 448 1294 —Titulus
435 1263 484 1292 111
502 1261 543 1292 2.
549 1248 690 1292 ο1“οΙίο
707 1263 803 1292 11011
819 1254 1075 1300 numerato,
1095 1248 1367 1292 decurrente
1392 1249 1480 1291 hoc
1502 1249 1687 1292 saeculo
1716 1264 1825 1292 exa—

171 1315 315 1354 ratus:
344 1308 603 1366 «Epistolae
629 1307 636 1367 Ι
664 1308 740 1352 Ab
757 1322 878 1352 anno
902 1318 1013 1366 1539
1029 1307 1088 1351 ad
1109 1322 1218 1351 ann
1245 1308 1403 1362 1548»
1430 1307 1636 1351 Tertium
1666 1308 1822 1352 folium

173 1381 373 1412 vacuum
389 1374 482 1413 est:
501 1382 693 1412 numero
709 1375 844 1412 caret.
866 1368 1095 1412 Volumen
1117 1374 1187 1410 sat
1203 1366 1417 1424 spissum,
1438 1367 1823 1424 conglutinatum,

172 1428 292 1472 duas
322 1429 462 1472 habet
492 1442 786 1472 numerorum
817 1427 979 1471 series:
1017 1428 1223 1480 alteram,
1257 1427 1579 1482 recentiorem,
1610 1427 1825 1484 epistola-

171 1501 298 1532 rum:
328 1488 533 1541 alteram,
557 1488 808 1545 antiquam,
834 1486 1064 1531 foliorum.
1090 1487 1171 1531 Illa
1191 1486 1405 1543 epistolas
1433 1494 1643 1531 numerat
1671 1489 1823 1543 1-236.

172 1547 305 1592 Haec
325 1548 503 1592 nullum
524 1554 678 1592 servat
700 1546 921 1600 ordinem,
956 1554 1118 1604 utpote
1147 1547 1366 1591 volumen
1388 1561 1445 1590 ex
1467 1547 1660 1591 diversis
1684 1562 1826 1604 coag—

170 1613 438 1652 mentatum.
459 1609 631 1665 Magna
646 1614 716 1652 est
737 1607 790 1651 in
813 1606 1039 1663 scriptura
1064 1606 1277 1659 varietas,
1303 1614 1439 1663 prout
1461 1607 1575 1650 varii
1596 1614 1705 1650 sunt
1728 1607 1824 1663 epi-

169 1667 395 1723 stolarum
416 1674 642 1712 auctores.
668 1668 720 1711 In
741 1666 945 1724 epistolis
966 1666 1243 1711 collocandis
1263 1667 1321 1710 ad
1336 1667 1555 1710 volumen
1571 1667 1677 1710 olim
1694 1666 1826 1710 colli-

171 1727 379 1785 gandum
398 1726 557 1771 habita
573 1726 661 1771 fuit
676 1726 830 1784 aliquo
847 1727 984 1770 modo
1001 1727 1116 1771 ratio
1138 1740 1452 1783 personarum,
1478 1741 1573 1770 non
1591 1726 1823 1783 temporis.

174 1786 330 1831 Prima
350 1801 469 1855 quae
485 1786 687 1831 cernitur
708 1786 899 1844 epistola
915 1793 986 1831 est
1009 1788 1057 1830 P.
1084 1786 1276 1831 Antonii
1297 1787 1355 1830 de
1376 1787 1545 1841 Araoz,
1571 1787 1826 1831 Caesarau-

173 1852 340 1904 gustae
369 1846 554 1904 scripta,
591 1860 648 1903 30
679 1846 899 1892 Octobris
933 1857 1061 1904 1539,
1092 1860 1212 1903 quae
1238 1845 1419 1904 incipit:
1455 1846 1642 1891 «Gratia
1669 1854 1715 1890 et
1736 1861 1823 1903 pax

164 1906 359 1951 Domini
379 1906 554 1951 nostri..
565 1923 624 1951 .»:
645 1921 744 1952 eam
767 1921 851 1950 nos
872 1905 1116 1959 edidimus,
1135 1920 1244 1963 pag.
1266 1919 1338 1962 31.
1361 1906 1533 1952 Ultima
1548 1906 1741 1963 epistola
1757 1914 1827 1950 est

174 1964 346 2010 Prioris
361 1967 445 2012 SS,
468 1965 720 2020 Trinitatis,
756 1965 962 2011 Venetiis
995 1978 1054 2021 24
1083 1965 1357 2011 Novembris
1400 1967 1534 2022 15483
1573 1965 1822 2010 exorditur:

163 2025 317 2070 :«Rde.
339 2026 504 2071 Pater'
491 2041 539 2070 1n
561 2026 762 2080 Christo,
783 2041 871 2083 pax
887 2026 1105 2070 nobis...»
1127 2027 1238 2070 Eam
1255 2026 1414 2079 habes,
1435 2041 1542 2082 pag.
1565 2037 1645 2081 571
1657 2027 1823 2069 .—-Ta-

170 2085 307 2130 metsi
342 2085 390 2129 in
427 2085 561 2130 titulo
597 2085 810 2130 dicantur
846 2085 1042 2142 scriptae
1077 2085 1295 2142 epistolae
1335 2087 1425 2129 «ab
1456 2101 1575 2129 anno
1619 2096 1731 2143 1539
1768 2086 1824 2128 ad

170 2159 281 2190 ann.
306 2136 791 2200 1548»‘1nven1untur
812 2152 965 2189 tamen
986 2146 1234 2190 nonnullae
1255 2153 1363 2190 ante
1384 2153 1430 2189 et
1453 2153 1555 2202 post
1576 2145 1621 2188 id
1644 2152 1825 2201 tempus

169 2203 324 2250 datae.
344 2205 507 2262 Neque
528 2219 688 2250 omnes
710 2205 787 2253 illo
815 2204 963 2262 spatio
985 2220 1012 2248 a
1045 2216 1157 2263 1539
1183 2206 1242 2249 ad
1270 2206 1380 2261 1548
1403 2207 1773 2262 comprehensae,
1798 2219 1826 2247 a

177 2263 311 2308 nobis
337 2265 632 2322 evulgantur,
677 2276 783 2309 cum
820 2265 994 2321 aliquot
1029 2280 1086 2310 ex
1121 2265 1191 2308 his
1218 2264 1326 2309 alibi
1354 2265 1502 2309 editae
1523 2266 1617 2321 jam
1657 2263 1825 2308 fuerint

169 2330 255 2368 aut
273 2331 449 2381 postea,
473 2339 559 2368 suo
581 2332 801 2382 tempore,
825 2325 1035 2369 edentur.

263 2385 399 2441 Quae
425 2391 579 2428 autem
601 2384 649 2428 in
676 2386 764 2441 hoc
784 2384 1017 2428 volumine
1038 2383 1330 2428 continentur
1352 2385 1585 2441 epistolae,
1611 2383 1664 2426 iis
1691 2397 1823 2426 usum

170 2442 316 2488 fuisse
338 2444 592 2488 Polancum
610 2444 657 2488 in
673 2443 1004 2488 conscribendo
1021 2443 1251 2489 Chronico
1268 2443 1510 2489 Societatis
1521 2445 1632 2501 Jesu
1650 2442 1825 2499 perspi—

169 2515 312 2547 cuum
327 2518 429 2548 esse
444 2503 642 2548 videtur·
662 2518 1006 2560 nonnumquam
1024 2504 1145 2548 enirn
1162 2518 1319 2548 earum
1336 2519 1481 2561 paene
1491 2504 1630 2547 verba
1640 2501 1821 2558 repetit.

262 2575 300 2607 2.
367 2564 526 2608 Codex
548 2563 645 2608 sive
666 2563 781 2607 liber
802 2563 1104 2608 chartaceus
1092 2578 1140 2608 111
1163 2565 1234 2616 f
1196 2563 1216 2583 ⁰
1266 2563 1453 2620 ligatus,
1483 2563 1558 2606 cui
1588 2562 1748 2606 titulus
1776 2561 1822 2605 in

168 2621 323 2666 dorso:
367 2624 767 2673 «EPISTOLAE
773 2622 779 2683 Ι
807 2624 1257 2669 EPISCOPORUM
1292 2623 1298 2681 Ι
1333 2639 1394 2667 AB
1431 2637 1561 2667 ANNO
1606 2632 1718 2676 1550
1759 2635 1822 2666 AD

175 2692 329 2741 1559.»
363 2683 625 2740 Duplicem
640 2683 778 2728 habet
809 2697 1103 2728 numerorum
1125 2682 1347 2735 ordinem,
1374 2682 1611 2738 antiquum
1639 2680 1822 2738 quidem

159 2741 398 2797 foliorum,
430 2755 474 2787 1-
480 2755 589 2799 2373
615 2743 914 2787 recentiorem
943 2750 1096 2787 autem
1124 2717 1434 2799 epistolar’um,
1474 2755 1518 2786 1-
1528 2742 1625 2793 128,
1657 2740 1824 2796 quibus

168 2800 450 2858 adjiciuntur
466 2817 558 2846 non
575 2810 798 2847 consutae
814 2802 1037 2870 epistolae
1053 2810 1266 2859 quatuor,
1293 2815 1399 2860 129-
1409 2814 1506 2857 132.
1526 2801 1823 2845 Antecedunt

170 2861 279 2906 folia
299 2869 497 2930 quatuor
518 2863 644 2906 nulla
666 2860 962 2919 inscriptione
987 2877 1237 2907 numerove
1269 2862 1459 2919 signata.
1492 2861 1621 2905 Licet
1644 2860 1819 2911 titulus,

171 2927 304 2978 tergo
325 2921 588 2979 inscriptus,
614 2923 827 2967 exhibeat
843 2937 1014 2966 annum
1037 2932 1149 2978 1550
1166 2923 1223 2966 ad
1247 2933 1374 2980 1559,
1401 2922 1515 2965 liber
1536 2929 1689 2964 tamen
1710 2933 1821 2963 con-

172 2979 288 3025 tinet
304 2981 519 3039 epistolas
535 2982 708 3039 aliquot
730 2981 835 3026 ante
857 2981 903 3025 id
926 2989 1106 3038 tempus
1122 2989 1340 3026 exaratas.

266 3053 304 3097 3.
369 3041 560 3087 Codex
549 3057 596 3085 1n
619 3043 645 3085 f
653 3044 673 3064 ⁰
680 3044 994 3097 „chartaceus
1015 3057 1110 3086 non
1127 3041 1313 3098 ligatus,
1336 3041 1517 3084 titulum
1540 3038 1824 3083 extrinsecus
